4556 5514
831 477 1044 516 ...ι-ι»
1105 433 1158 540 1'2
1229 478 1437 516 ..ι-...-

1658 552 1687 584 ..

246 727 292 784 t're
309 715 449 782 obortus
467 709 628 792 calidior,
652 733 767 782 versus
778 704 944 780 decimam
957 707 1081 770 boram
1100 702 1302 796 plerumque
1319 701 1453 796 segnior
1470 701 1714 802 frigidiorquee
1736 711 1839 803 paulo
1859 733 1936 808 post
1953 717 2012 790 de·

243 825 361 895 ficiem
380 843 437 894 ,us
452 824 561 894 rarius
580 825 623 894 ad
639 832 775 892 nortem
792 839 897 908 usque
913 815 1062 910 spirens,
1085 837 1209 907 quem,
1251 835 1352 886 vento
1370 817 1484 909 alpino
1507 837 1599 892 trans
1625 822 1666 890 si
1678 849 1814 899 rocco
1844 829 2011 912 similem,

132 957 135 960 ·
245 937 363 1007 rustici
383 935 686 1008 sonnenwind
702 927 760 998 aut
780 931 872 997 an
893 929 1074 1020 appellant.
1132 932 1240 995 Notus
1259 952 1342 998 vero
1361 929 1444 997 dum
1466 948 1586 1002 aestate
1599 933 1656 1002 llat
1669 936 1802 1025 pluvias
1820 941 1873 1008 vel
1889 958 2014 1070 tempe.

245 1052 519 1122 statesaffarreso
523 1049 583 1128 tet,
608 1059 774 1112 autumno
791 1065 950 1108 serenum
960 1039 1093 1107 coelum
1104 1037 1300 1128 pollicetur,
1331 1043 1466 1110 Caurus
1481 1067 1620 1136 quoque
1639 1047 1765 1118 aestivo
1784 1067 1939 1142 tempore
1962 1054 2014 1122 in

243 1161 445 1252 temperiem
463 1155 623 1223 minatur.
667 1159 777 1251 Eurus
798 1153 835 1220 id
863 1151 1015 1220 solemne
1031 1151 1151 1228 habet,
1175 1167 1211 1220 ut
1232 1167 1337 1220 noctu
1353 1152 1554 1270 plerumque
1582 1159 1693 1248 sileat,
1723 1183 1824 1229 mane
1841 1161 2013 1256 insurgat,

242 1278 312 1361 jsrn
338 1294 432 1340 noua
460 1267 635 1336 decimare
656 1282 733 1340 ante
755 1263 937 1332 meridiem
964 1264 1051 1332 hora
1071 1261 1251 1340 deficiens,
1289 1261 1372 1331 dum
1403 1287 1484 1334 vero
1512 1289 1591 1338 cum
1608 1269 1689 1362 ipso
1719 1273 1791 1340 sole
1814 1277 2012 1351 exordiatur

242 1380 423 1459 eoelisudi
442 1376 676 1471 praenuntius
730 1375 837 1444 Omni
862 1375 934 1443 lere
964 1375 1046 1440 anni
1073 1389 1246 1464 ternpore,
1291 1373 1501 1465 frequentius
1531 1397 1646 1450 umen
1673 1404 1752 1452 vere
1782 1401 1814 1453 et
1845 1405 2012 1463 autumno

238 1516 364 1587 magna
383 1491 471 1562 coeli
493 1513 571 1580 pars
588 1486 749 1581 gravibus
766 1487 976 1578 extensisque
996 1486 1118 1576 tegitur
1136 1484 1303 1562 nubibus,
1325 1511 1407 1575 quas
1426 1493 1615 1560 Howsaru
1645 1509 1760 1563 stratas
1786 1503 2013 1596 cumulosque

237 1603 411 1686 uocevit;
425 1601 541 1670 bieme
566 1599 704 1667 omnis.
713 1597 803 1666 coeli
833 1598 978 1678 ambitus
1004 1596 1199 1690 saepissime
1221 1595 1370 1663 nubibus
1391 1603 1445 1687 vel
1461 1605 1601 1673 turbido
1619 1615 1697 1674 ae're
1717 1607 1865 1690 velatur,
1888 1615 2014 1706 quibus

239 1733 355 1784 tamen
381 1730 439 1780 aut
460 1711 572 1778 imbre
594 1728 651 1777 aut
665 1734 743 1778 nrve
761 1709 919 1794 delectis
941 1709 1157 1810 profundum
1191 1703 1279 1771 coeli
1301 1704 1419 1772 colore
1449 1703 1595 1796 limpido
1625 1741 1770 1804 cyaneo,
1812 1725 1986 1812 qualem
1976 1753 2014 1797 m

239 1821 770 1918 Hesperi,pictoresoelehrrnr,
774 1813 924 1906 tingitur.
967 1813 1137 1880 Eumdem
1157 1813 1244 1880 coeli
1260 1813 1386 1882 aestivo
1402 1831 1557 1907 tempore
1570 1819 1842 1945 pulelrerrimum
1860 1837 2015 1908 colorem
2083 1843 2100 1852 ··

111 1959 113 1967 ’
168 1947 177 1962 “
240 1955 273 2008 et
287 1953 500 2006 serenitatem
521 1929 643 1998 tabulis
662 1952 732 1996 suis
750 1923 965 2001 uouerlravtt,
988 1939 1145 1990 naturam
1169 1922 1365 2002 aemulans,
1396 1928 1567 2018 egregius,
1601 1928 1660 2020 qui
1684 1932 1799 2022 plures
1824 1962 1931 2016 annos
1953 1971 2017 2018 no·

154 2106 159 2112 .
238 2067 327 2119 strae
346 2041 470 2117 urbis
460 2066 497 2110 ιιι
525 2039 653 2109 vicinia
677 2036 787 2128 degit,
821 2035 932 2128 pictor
962 2036 1138 2103 Curuorus
1169 2037 1368 2102 Leunsuus.
1419 2039 1505 2105 Sunt
1527 2063 1609 2108 vero
1648 2042 1734 2111 coeli
1758 2033 2014 2130 vicissitudines

252 2183 356 2250 quarn
377 2151 528 2222 maxime
549 2151 745 2218 subitaneae
761 2164 859 2236 atque
883 2144 1073 2229 versatiles3
1096 2145 1231 2212 ubas
1197 2146 1363 2214 nimirum
1372 2145 1559 2239 derepente
1580 2172 1747 2244 augentur
1769 2165 2015 2238 comminuun

160 2267 182 2314 '¹
205 2249 209 2254 ι
240 2258 357 2343 turve',
380 2281 489 2334 ventis
500 2260 619 2354 rapide
632 2258 791 2328 hucrlluc
809 2256 968 2347 agitatam
993 2257 1128 2346 fulgura
1139 2253 1332 2347 sugentibus
1351 2258 1579 2329 concomitata
1597 2264 1778 2336 tonitribus
1802 2272 2016 2368 frequenter,

240 2375 439 2470 praesertim
458 2373 563 2448 lulio,
588 2376 739 2460 Augusto
758 2387 789 2437 et
803 2367 991 2459 Septembri
1007 2367 1180 2456 profunde
1196 2385 1317 2445 ruunt,
1346 2367 1520 2440 Libonoto
1559 2375 1613 2442 vel
1640 2381 1763 2446 Austro
1785 2383 1990 2470 spirantibus
2006 2367 2032 2470 ,¹

241 2506 299 2557 aut
339 2487 474 2556 coelum
502 2481 661 2564 {tonitrua
692 2477 884 2570 parturiens
911 2477 1088 2568 extemplo
1116 2475 1340 2568 grandinibus
1365 2482 1408 2563 *)
1444 2505 1484 2549 ex
1508 2487 1637 2553 Occasu
1654 2486 1801 2558 hiberno
1827 2493 2018 2570 furentibus

241 2598 392 2665 infestat.
437 2594 534 2662 Aeris
558 2592 677 2668 calor,
699 2591 783 2658 dum
813 2588 892 2656 talia
914 2588 1085 2671 accidunt,
1119 2587 1323 2678 plerumque
1344 2587 1471 2659 mirum
1488 2592 1523 2660 in
1543 2595 1687 2664 modum
1704 2599 1877 2687 dejicitur,
1907 2607 1952 2676 ita
1979 2627 2018 2682 ut

183 2757 186 2763 ι
237 2709 321 2801 ipsis
346 2705 480 2775 aestivis
501 2702 673 2772 mensibus
689 2701 841 2791 algorem
865 2699 958 2790 quasi
976 2699 1488 2792 experiamur,'thermometro
1517 2707 1724 2796 avigesimo
1756 2717 2011 2794 Rcaumuriano

237 2819 346 2910 gradu
363 2817 406 2884 ed
423 2831 580 2908 quartum
599 2812 800 2905 quintumve
818 2811 1008 2880 delabente.
1050 2811 1172 2880 Hieme
1188 2835 1270 2880 voro
1289 2813 1410 2882 eodem
1429 2815 1534 2883 modo
1560 2817 1787 2891 calorisvioes
1815 2845 1893 2896 eunt
1917 2834 2018 2904 valde
2093 2877 2096 2883 v

241 2927 468 3018 conspicuae,
499 2950 604 3017 quam
629 2924 675 2992 ob
706 2947 842 2992 causam
871 2925 985 2993 nivem
1009 2947 1261 3014 nonuunquam
1286 2941 1499 3016 sat'gravem
1531 2927 1681 3018 quinque
1710 2935 1880 3004 meusium
1895 2943 2013 3068 spatio

242 3037 423 3130 quinquies
446 3055 502 3103 aut
518 3059 623 3104 sexies
633 3034 819 3126 liquescere
834 3035 1005 3110 videmus,
1028 3059 1101 3100 non
1120 3035 1192 3100 sine
1213 3057 1341 3124 magno
1364 3052 1513 3124 segetum
1534 3037 1748 3114 detrimento.
1789 3050 1883 3116 Haec
1900 3052 2016 3120 omnia

124 3229 130 3246 Ι
237 3148 401 3241 pendent
403 3148 449 3216 ab
470 3167 678 3237 agroversus
694 3144 970 3238 Septentrionem
984 3142 1171 3219 inclinato,
1200 3142 1347 3211 multum
1369 3167 1472 3236 supra
1489 3170 1585 3218 mere
1604 3152 1733 3226 elevato
1758 3173 1789 3225 et
1815 3157 1858 3224 ab
1883 3159 2013 3284 alpium

242 3259 388 3350 objectu.

875 3437 971 3549 111.
1046 3434 1378 3549 Terra.

243 3583 377 3788 Ager
394 3691 615 3764 Monacensis
636 3714 742 3782 quum
759 3690 882 3785 plantis
898 3689 1092 3782 spontaneis
1104 3690 1300 3768 nonnullis,
1335 3714 1417 3781 quas
1440 3692 1599 3784 proprias
1621 3693 1690 3790 sibi
1708 3697 1788 3775 alit,
1817 3718 1916 3794 atque
1933 3712 2010 3779 uni.

239 3833 337 3880 uersa
353 3803 573 3898 vegetationis
592 3827 694 3894 quam
714 3802 849 3871 exbibet
862 3801 1145 3894 physiognomia,
1168 3805 1375 3895 peculiarem
1395 3819 1551 3870 naturam
1572 3807 1715 3893 prodat,
1746 3810 1838 3879 haud
1859 3817 2008 3900 mirum,

141 3930 146 3936 ”
243 3945 323 3991 eum
345 3920 491 3988 multum
506 3915 620 3985 valere
634 3916 671 3983 iu
686 3917 817 4010 plantas
833 3913 937 3985 horto
950 3915 1079 3993 cultas,
1109 3937 1213 4006 quam
1243 3915 1289 3985 ob
1312 3937 1449 3984 causam
1468 3917 1636 3984 nonnulla
1654 3918 1696 3987 de
1711 3945 1752 3991 eu
1767 3922 1802 3988 iu
1819 3949 1942 4016 genere
1960 3931 2009 4001 al.

242 4079 667 4106 .........-—---

275 4175 304 4246 Ἰ
323 4183 460 4233 Memorato
475 4193 510 4232 est
524 4181 708 4248 dignissimum,
726 4178 856 4248 mandinse
877 4181 903 4229 in
920 4180 988 4230 omni
1003 4177 1104 4230 Bararia
1120 4176 1214 4242 alpibus
1228 4177 1333 4240 subjecta
1351 4181 1421 4230 sertis
1434 4180 1550 4230 tractibus
1571 4197 1640 4249 agros
1654 4185 1781 4250 sylvasque
1795 4171 1931 4256 devastare}
1950 4196 2006 4260 qui.

346 4283 393 4332 bus
408 4281 441 4331 ob
456 4285 520 4333 banc
543 4284 620 4348 ipsam
643 4299 739 4332 eausam
758 4284 853 4330 minora
874 4284 962 4332 tributa
983 4283 1153 4347 imponuntur.
1190 4279 1285 4328 Primus
1307 4282 1452 4345 grandinum
1472 4293 1562 4332 tructus
1583 4283 1785 4347 (substantiale,
1812 4289 2008 4356 Subauerstricla)

345 4381 411 4442 juxta
425 4399 517 4434 summa
529 4385 621 4450 alpium
635 4382 933 4432 casumiuaTirolansibus
947 4383 1053 4432 confinia
1074 4397 1221 4445 procurrens
1242 4381 1268 4428 in
1283 4381 1390 4446 frigidas,
1412 4381 1557 4454 proeellosss
1572 4393 1595 4432 et
1610 4383 1712 4433 incultas
1728 4387 1839 4451 regiones
1854 4393 2008 4454 extenditur;

349 4484 467 4531 secundus
481 4485 573 4548 alpium
594 4484 668 4549 pedes
688 4473 811 4547 sequutus!
825 4483 851 4530 in
872 4483 983 4548 planiora
998 4483 1139 4544 descendit,
1157 4483 1216 4531 inde
1231 4497 1244 4530 a
1257 4481 1432 4542 Lyeodumine
1450 4495 1474 4532 et
1487 4499 1500 4530 a
1513 4497 1576 4547 pago
1591 4481 1770 4545 Schwabsoyen
1786 4487 1817 4535 ad
1828 4503 1903 4552 pagos
1920 4490 2007 4558 Ussing

347 4589 370 4627 et
384 4579 539 4631 Siudelsdorl'
550 4594 693 4646 porrectus,
719 4599 789 4647 agros
812 4599 892 4632 sersus
913 4563 1043 4632 meridiem
1064 4581 1157 4630 alea
1171 4577 1291 4646 oppidulo
1309 4580 1368 4629 sitos
1390 4583 1509 4642 desumat,
1535 4585 1602 4631 uude
1616 4585 1647 4631 sd
1661 4599 1749 4646 pagum
1764 4585 1930 4638 llolalsircben
1943 4607 2004 4654 pro.

345 4693 455 4744 murus,
475 4681 590 4744 Mangtall
605 4663 705 4732 durium
721 4683 828 4747 sequitur
843 4701 870 4732 ae
885 4681 1068 4732 Rosenheruurn
1085 4681 1232 4746 oppidulum
1251 4679 1365 4742 laeuaque
1380 4678 1485 4729 sinuas
1509 4692 1533 4728 et
1547 4679 1673 4729 Cblensse
1686 4681 1798 4744 inlesuts
1826 4687 1912 4735 tertius
1924 4706 2006 4756 prope
2030 4706 2044 4715 ·

310 4765 315 4770 ’
346 4791 454 4828 montem
468 4779 621 4846 Peissenbsrg
634 4783 737 4846 incipit,
764 4799 820 4847 agro
840 4783 1015 4832 Weilbernensi
1035 4792 1060 4830 et
1078 4781 1142 4830 laeui
1163 4757 1290 4828 Wiirnsee
1304 4775 1413 4842 ingruit,
1438 4787 1497 4826 tune
1518 4779 1624 4829 Loisselt
1644 4781 1744 4830 flurium
1760 4801 1863 4846 sequens
1877 4789 1908 4837 ad
1924 4790 2003 4840 Wolt-

345 4879 500 4929 rathsbausen
522 4879 668 4943 oppidulum
684 4897 759 4943 usque
773 4883 885 4946 persenit
899 4882 1005 4945 indeque
1021 4881 1110 4931 isaram
1125 4878 1228 4927 durium
1242 4887 1404 4943 usesgressus
1419 4893 1499 4927 sersus
1512 4881 1620 4949 susan,
1651 4897 1724 4946 quana
1745 4883 1909 4937 Grriutsalder
1930 4891 2003 4946 Forat

349 4980 450 5043 dieat,
468 4990 538 5044 atque
557 4997 640 5046 agrum
659 4981 832 5036 bloosseusem
851 4982 964 5034 defertur.
2005 4973 2007 4979 ’
