4556 5514
823 452 1430 538 ·---···-15·····.··-.-

256 698 314 768 vix
329 718 437 766 ιιιιιιιι
454 693 498 764 ad
514 691 712 764 firmiorem
722 703 864 762 aetatem
880 689 1068 782 perducere
1087 689 1189 758 nobis
1207 685 1356 778 contigit
1400 689 1579 760 Caeterum
1599 704 1713 760 ιιιιιιιι
1735 697 1949 769 monendum
1966 715 2014 772 est

249 809 343 876 horti
364 827 510 893 terram,
530 802 595 871 nisi
609 803 765 895 stirpium
782 819 1003 872 emanatura
1019 818 1060 877 et,
1077 817 1113 868 ut
1129 799 1173 868 ita
1190 799 1313 875 dicam,
1337 779 1605 894 ιδιωσυγκρασ
1605 807 1672 866 tot
1654 822 1830 886 renitatur,
1851 810 1940 880 lauta
1956 837 2012 881 cas

251 920 382 988 nutrire
395 917 499 1006 inque
522 915 683 983 eximiam
700 915 939 1007 proceritatem
959 911 1161 990 evehere,
1151 927 1197 978 sta
1218 926 1255 977 ut
1278 934 1352 977 aon
1374 933 1492 977 rarum
1512 913 1574 987 sit,
1604 916 1788 999 quotannis
1813 922 2008 1014 complures

247 1033 388 1100 Aconiti
408 1027 464 1095 vel
510 1017 687 1114 Delphinii
729 1031 844 1092 caules
855 1023 1030 1112 fasciatus
1051 1039 1170 1092 notare
1186 1018 1526 1112 florumque-varios
1557 1017 1696 1085 abortus
1728 1045 1827 1146 arqqa
1850 1029 2012 1101 Pelopia&

249 1145 353 1228 Cujus
375 1136 523 1205 luxuriei
545 1159 644 1204 causa
666 1161 803 1228 quoque
825 1135 862 1202 in
877 1136 949 1226 agri
974 1134 1076 1202 soluti
1097 1127 1232 1201 raritate
1256 1127 1451 1222 quaerenda
1475 1126 1624 1205 videtur,
1657 1130 1806 1218 quod'
1772 1155 1872 1224 nrgro
1897 1140 2016 1212 colore

247 1246 419 1342 praeditus
446 1263 545 1338 atque
568 1247 673 1314 multa
694 1246 832 1316 materie
851 1245 1012 1336 organica
1035 1261 1175 1313 onustus
1198 1242 1278 1311 solis
1297 1241 1448 1348 calorem
1466 1239 1532 1308 cito
1548 1237 1682 1330 recipit,
1713 1241 1841 1311 tardius
1858 1244 2012 1320 demittit.

245 1361 368 1428 Hieme
390 1382 472 1427 vero
489 1357 646 1425 eamdam
669 1357 715 1425 ob
737 1380 873 1426 causam
892 1355 958 1424 nisi
988 1355 1068 1423 nive
1089 1371 1194 1422 tectus
1216 1353 1259 1422 sit
1281 1343 1381 1444 saepe
1401 1351 1584 1444 derepente
1599 1351 1759 1446 algore
1731 1378 1898 1448 rigescens
1913 1358 2014 1432 valde

244 1469 456 1539 contrahitur
481 1485 580 1558 atque
595 1468 860 1554 hybernantium
885 1465 1043 1560 stirpium
1059 1465 1432 1545 rhizcmstadenudat,
1460 1463 1647 1536 stramentis
1670 1463 1750 1540 ideo
1776 1490 1911 1541 summa
1930 1493 2020 1552 curu,

245 1581 411 1652 industris
427 1579 643 1652 tuendarum.

886 1765 978 1880 IV.
1066 1767 1347 1913 Aqua.

238 1917 415 2116 Aquae,
441 2045 508 2116 qua
527 2021 563 2089 in
578 2022 682 2092 horto
699 2019 853 2100 utimur,
874 2018 998 2112 triplex
1014 2034 1064 2087 est
1078 2041 1204 2110 genus,
1224 2017 1433 2111 lpluviatilis,
1456 2012 1630 2089 fontinalis
1641 2067 1653 2099 ,
1689 2041 1794 2114 quam
1816 2053 1835 2094 e
1855 2031 2011 2106 liciaco.

236 2140 308 2209 snio
327 2137 419 2226 regio
438 2133 541 2224 lignei
555 2134 687 2202 canales
710 2130 921 2202 subterranei
935 2131 1128 2208 advehunt,
1154 2145 1187 2198 et
1202 2128 1354 2198 duorum
1378 2146 1578 2222 puteorum,
1601 2132 1791 2203 octodecim
1807 2131 1909 2228 pedes
1927 2165 2011 2234 pro·

236 2250 426 2318 fundorum
446 2243 484 2310 in
501 2244 650 2312 aubereti
665 2244 819 2335 margine
837 2244 1038 2312 elossorum.
1080 2239 1267 2310 Advectitia
1282 2256 1393 2308 sutem
1407 2239 1445 2308 in
1463 2259 1564 2334 puteo
1582 2267 1692 2336 prope
1715 2247 1843 2314 Isaram
1863 2245 2010 2323 fluvium

237 2361 350 2429 elosae
369 2358 414 2441 *)
439 2355 628 2446 colligitur,
669 2353 817 2442 indeque
848 2352 1028 2422 machinae
1054 2351 1273 2438 hydraulicae
1298 2375 1364 2440 ope
1385 2352 1493 2420 levata
1512 2351 1549 2419 in
1576 2352 1663 2432 rivo,
1686 2351 1742 2422 cui
1765 2341 2010 2434 Glocltenlsaclr

234 2491 365 2540 nomen
382 2461 653 2534 estNosocomio
664 2465 854 2537 adducitur.
882 2469 977 2552 ¹Ejus
985 2465 1047 2532 LX
1060 2460 1155 2532 modi
1173 2455 1273 2528 unius
1287 2460 1395 2528 horae
1403 2461 1512 2554 spatio
1525 2463 1675 2532 cisternis
1684 2463 1813 2545 tribus,
1842 2473 1903 2538 uni
1916 2474 2009 2544 horti

232 2577 415 2652 accessorii
427 2593 526 2668 atque
536 2599 595 2644 sex
608 2575 830 2661 hybernaculi
848 2569 1196 2650 doliisimmittuntur,
1207 2572 1253 2639 ita
1269 2585 1315 2650 ut,
1327 2568 1394 2640 nisi
1404 2575 1536 2642 canales
1552 2575 1678 2642 alicubi
1694 2577 1885 2650 lortehiant
1901 2582 2008 2666 rimis,

228 2691 449 2763 sufficientem
478 2687 697 2779 quantitatem
719 2687 917 2778 accipimus.
960 2689 1017 2753 Est
1040 2701 1153 2752 autem
1171 2681 1256 2752 haec
1273 2673 1513 2776 aquadiversis
1528 2685 1654 2756 salibus
1672 2682 1853 2777 ditissima;
1876 2693 2008 2768 Unciaa

233 2802 423 2871 enimillius
441 2800 628 2868 MDCacl.
646 2804 785 2872 Vocat,
806 2794 1010 2864 Academiae
1020 2793 1204 2868 Chemrco,
1226 2799 1428 2880 evaporasse
1445 2797 1528 2860 duas
1543 2793 1723 2864 drachmas
1736 2799 1885 2888 pulveris
1895 2807 2008 2876 fusco

230 2895 437 2984 flavescentia
467 2907 606 2998 largitae
624 2921 717 2980 sunt,
741 2927 822 2992 quas
844 2898 1066 2972 illechemico
1083 2897 1406 2987 examinisubjectas
1425 2901 1499 2970 Kali
1523 2903 1666 2984 uitrico,
1700 2912 1809 2977 Natro
1833 2913 2006 3008 sulphuri·

231 3049 293 3100 00,
314 3029 422 3094 Narro
444 3012 643 3087 muriatico,
666 3010 845 3102 Magnesia
868 3007 1068 3087 muriatica,
1102 3007 1280 3099 Magnesia
1307 3010 1514 3091 carbunica,
1545 3015 1646 3084 Calce
1665 3019 1872 3101 carbunica,
1907 3027 2005 3099 calce

231 3128 449 3224 sulphurica,
472 3125 577 3191 Ferro
596 3122 780 3208 oxydulato
802 3121 985 3189 carbonico
1004 3137 1036 3189 et
1053 3119 1152 3188 humi
1169 3117 1323 3218 partibus
1338 3121 1528 3192 extractivis
1548 3143 1721 3209 constare,
1750 3126 1917 3206 benevole
1940 3164 2004 3210 nos

231 3243 391 3316 certiores
409 3236 505 3314 lecit,
528 3234 652 3326 quibus
678 3233 850 3303 elementis
865 3231 1086 3300 tribuendum
1108 3243 1174 3309 est,
1196 3230 1291 3299 illam
1312 3229 1519 3323 quibusdam
1533 3237 1884 3354 plantisenutriendis,
1906 3272 2004 3339 prae.

230 3354 345 3426 sertim
360 3351 418 3425 iis,
442 3369 527 3436 quac
541 3362 667 3413 terram
688 3369 825 3438 quoque
842 3342 1011 3411 aridulam
1034 3359 1275 3432 aspernantur,
1292 3343 1386 3413 haud
1403 3363 1516 3438 aptam
1532 3371 1620 3428 esse,
1643 3377 1746 3480 qnam
1768 3356 1812 3422 ob
1831 3381 1906 3426 rem
1928 3359 2003 3428 stir-

228 3467 433 3586 pesevaa
453 3456 638 3524 Hollandia
657 3455 818 3522 oriundas
844 3453 899 3520 vel
920 3472 1079 3541 capenses
1103 3450 1289 3520 teneriores
1316 3479 1379 3523 nos
1410 3480 1498 3544 aqua
1523 3460 1742 3545 pluviatili
1715 3487 1826 3588 rigare
1855 3485 2000 3558 oportet.

230 3582 356 3646 Contra
373 3570 431 3649 iis,
454 3591 540 3658 quae
555 3584 642 3656 terra
656 3563 998 3658 subsalinagaudent,
1021 3557 1070 3626 uti
1087 3559 1278 3630 maritimae
1296 3561 1427 3653 plures,
1454 3562 1587 3634 videtur
1605 3571 1876 3662 exoptatissima,
1905 3577 2000 3668 quod

228 3688 315 3756 inter
330 3684 396 3752 alra
406 3679 542 3748 Palmae
560 3651 739 3768 quaedam,
755 3672 802 3740 uti
823 3677 931 3740 Cocos
953 3667 1113 3757 crucifera
1132 3688 1163 3738 et
1180 3675 1454 3758 Diplothemium
1465 3677 1678 3748 maritimum
1688 3683 1765 3753 he‘ic
1778 3683 1998 3758 laetissimum
2092 3663 2098 3677 Ι

230 3800 480 3867 incrementum
519 3789 704 3880 capientes,
755 3783 923 3877 probant3
977 3781 1180 3873 generandis
1214 3809 1350 3876 quoque
1383 3785 1528 3865 muscis,
1568 3769 1783 3863 diversorum
1816 3797 1998 3872 hortorum

229 3903 430 3980 calamitati,
454 3901 564 3992 probe
584 3900 792 3968 adversatur.
835 3893 1121 3987 irrigandisvero
1141 3892 1444 3985 plautianovellis,
1467 3923 1549 3968 mox
1576 3925 1594 3968 e
1618 3902 1747 3974 semine
1769 3907 1981 3984 educatis
1936 3939 1998 3981 mr·
2039 3978 2044 3987 ,

227 4018 321 4086 nime
342 4012 520 4088 convenit,
542 4025 724 4135 propterea
741 4007 836 4100 quod
854 4024 1006 4076 teneram
1030 4028 1048 4072 e
1068 4003 1195 4072 salibus
1222 4024 1369 4075 crustam
1390 4005 1554 4078 interrae
1580 4014 1758 4106 superficie
1781 4021 1942 4116 relinquit
1965 4041 1997 4094 et

228 4125 414 4220 plantulas,
432 4149 499 4212 quo
515 4145 626 4187 rnrnus
642 4137 848 4212 augeantur
869 4121 1002 4186 secluso
1019 4125 1106 4182 aeras
1123 4114 1234 4196 adsta,
1256 4115 1409 4210 impedit.
1451 4121 1588 4191 Aestivo
1605 4143 1776 4220 tempore,
1799 4131 1882 4204 dum
1899 4137 1994 4227 plau

227 4255 280 4306 tae
297 4242 360 4303 suu
383 4235 438 4301 dio
464 4232 572 4300 cultae
590 4230 758 4318 bacaque
780 4229 952 4319 rigantur,
976 4226 1113 4294 calor
1085 4251 1116 4294 er
1136 4227 1171 4294 in
1196 4227 1298 4297 horto
1315 4229 1448 4299 medius
1467 4251 1585 4301 est·-
1527 4285 1585 4300 ....
1599 4243 1641 4326 -l-
1661 4243 1700 4313 a·
1724 4245 1883 4328 Reaumq
1906 4243 1994 4312 doli.

233 4371 332 4416 orum
351 4345 388 4411 in
408 4341 642 4429 hybernacnlo
655 4337 811 4426 hyberno
827 4357 981 4430 tempore
996 4354 1118 4406 est...
1060 4361 1118 4376 ····
1139 4343 1557 4434 -1-50Reaum.,flquem
1576 4367 1612 4418 ut
1629 4375 1811 4444 augeamus
1833 4371 1932 4446 atque
1953 4373 1994 4426 ut

227 4457 329 4524 simul
344 4457 513 4548 deponat,
537 4450 640 4518 trium
657 4447 912 4540 dierumspatio
935 4448 1133 4540 priusquam
1156 4473 1193 4518 ea
1210 4447 1339 4517 utimur
1354 4475 1540 4528 servamus.
1598 4469 1696 4552 Aqua
1723 4480 1906 4556 puteorum
1928 4491 1990 4538 nc,

231 4583 379 4636 atrorum
400 4561 578 4634 advectitia
593 4559 737 4630 inlerior
762 4577 828 4638 est,
851 4583 914 4629 nec
931 4559 996 4628 nisi
1012 4559 1189 4654 irrigando
1207 4561 1367 4632 arboreto
1384 4560 1534 4638 inservit.

263 4845 296 4909 ⁸)
314 4847 414 4896 Plurimi
440 4847 467 4894 ἰιι
493 4859 550 4910 agro
568 4845 711 4896 Mentesani
729 4847 808 4899 lantes
833 4851 859 4898 ἰιι
878 4849 955 4900 isarae
977 4848 1031 4915 rlpa
1055 4861 1217 4916 promerent,
1242 4863 1369 4917 propterea
1394 4855 1462 4920 quot
1489 4871 1564 4921 squas
1588 4859 1755 4912 ιιιῐιιιιτιιιιιι
1779 4857 2002 4932 srrlslsorlsontslla¹

334 4947 428 5013 glareae
452 4959 596 5012 uirgasque
619 4953 690 4996 ausu
713 4959 863 5010 permeantes
891 4949 953 5002 taeta
977 4952 1087 5002 mian
1111 4952 1308 5018 profundissimis
1333 4953 1504 5021 saturasse,
1530 4975 1592 5022 quos
1618 4961 1707 5009 fluores
1733 4962 1842 5027 speruit,
1867 4979 1987 5034 ιιιιιςιιι

332 5057 443 5111 pessunt.
