4556 5514
857 495 1065 529 -ιιι
1098 463 1389 548 22”«---·--

267 705 692 800 edoleverint,propri0in
704 704 893 800 plantario,
915 705 1620 796 inaliisplantaeoeconomicae‘ooluntur.·
1636 713 1907 786 Proximusbuio
1919 721 2021 789 berto

261 817 632 898 secundariolocusesr,
643 819 756 908 inquo
768 839 830 904 pro
847 812 1057 882 diversarum
1073 817 1266 907 plantarum
1282 819 1472 887 necessitate
1482 823 1591 890 varias
1606 842 1711 894 terras
1724 847 2021 920 praeparamussr.

259 953 325 1017 que
334 931 527 1000 miscemus.
552 927 771 1014 1.)Stirpibus
782 950 822 992 ex
831 929 968 1017 Europa
978 929 1114 996 australi
1126 929 1292 1008 oriundis,
1304 932 1542 1021 tropicisbaud
1556 936 1671 1024 paucis
1682 940 1922 1028 etoapensibus
1931 940 2023 1008 duri·

164 1045 169 1056 '
260 1039 397 1120 oribus,
418 1042 488 1103 uti:
503 1042 736 1112 Levandulr's,
760 1041 927 1113 Teucriis,
939 1043 1189 1118 Phlomidibus,
1199 1045 1323 1118 Cistis,!
1335 1047 1497 1126 Solanir,2
1509 1050 1732 1113 Vollsomerir's
1744 1037 1767 1124 ,¹
1791 1051 2022 1138 Pelargom'ls,

260 1149 504 1225 Hermonnir‘s,
521 1149 758 1213 Arctotidibus
769 1146 828 1212 rel.
851 1161 916 1212 tres
936 1165 1045 1237 partes
1063 1149 1162 1218 humi
1175 1177 1199 1218 s.
1214 1153 1331 1240 glebae
1346 1153 1462 1242 nigrae
1479 1158 1586 1248 putris
1604 1175 1635 1224 et
1653 1183 1756 1226 unam
1783 1160 1916 1249 argillae
1943 1186 2022 1230 cum

255 1277 360 1324 arena
386 1256 506 1324 mobili
535 1255 688 1323 fluviatili
713 1256 835 1352 miratae
861 1259 1114 1346 componimus,
1136 1271 1189 1342 2.)
1211 1264 1324 1330 bulbis
1351 1291 1434 1334 vero
1470 1268 1669 1358 capensibus
1701 1287 1731 1336 et
1753 1271 1928 1338 tuberibus
1951 1297 1978 1339 e.
1993 1298 2022 1360 g.

259 1369 508 1446 Gladiolorum,
525 1371 696 1444 Ixiarum,
719 1372 983 1452 Amaryllidum,
994 1374 1249 1440 Oxalt'dumrel.
1272 1377 1404 1467 glebam
1421 1379 1555 1468 nigram
1569 1397 1703 1470 putrem
1719 1405 1796 1449 cum
1816 1383 1910 1450 tertia
1928 1399 2022 1472 parte

154 1493 160 1500 '
254 1501 377 1546 arenae
396 1479 577 1548 fluviatilis.
621 1483 679 1564 ὅ.)
710 1479 847 1546 Plantae
876 1482 1089 1550 succulentae
1113 1509 1141 1550 e.
1160 1511 1192 1573 g.
1219 1491 1408 1572 Stopeliae,
1439 1493 1817 1574 Mesembryoutbemu,
1852 1500 1962 1561 Aleae
1990 1507 2021 1560 et

253 1593 406 1686 reliquae
426 1591 663 1682 omneshujus
685 1589 835 1668 indolis,
881 1581 967 1683 quae
992 1593 1028 1657 in
1053 1592 1219 1682 tepidario
1239 1599 1291 1658 vel
1323 1599 1358 1660 in
1377 1601 1531 1668 caldariis
1547 1621 1745 1679 servamur,
1779 1605 1877 1670 humi
1910 1625 2017 1693 pur-se
2106 1615 2108 1620 ·

254 1723 401 1801 quatuor
429 1722 584 1780 octavas,
608 1725 729 1768 arenae
750 1701 919 1770 fluviatilis
941 1705 1041 1774 duas,
1064 1728 1170 1766 unam
1195 1703 1330 1792 argillae
1344 1720 1375 1770 et
1390 1727 1494 1769 unam
1511 1715 1610 1798 calci,
1628 1712 2015 1782 caementiciaesxmmi.

254 1817 329 1907 quis
361 1816 469 1884 muris
496 1816 558 1884 sibi
587 1815 768 1903 postulant.
838 1813 894 1894 4.)
931 1815 1051 1875 Novae
1085 1809 1291 1878 Hotlendiae
1321 1812 1454 1881 incolae
1495 1833 1526 1881 et
1550 1841 1717 1906 capenses-
1731 1825 1937 1899 teneriores,
1968 1823 2016 1890 uti

254 1933 420 2010 Proteus,
464 1925 664 2006 Eucalypti,
711 1925 929 1986 Melaleucae
959 1919 1018 1986 rel.
1041 1919 1093 1986 vel
1113 1918 1248 2008 plantae
1275 1911 1445 2014 tropicae,
1468 1950 1555 2014 quae
1570 1928 1646 1994 locs
1663 1929 1822 2018 palustria
1839 1933 1950 2000 dulcia
1970 1933 2023 2001 di·

251 2039 377 2132 ligunt,
416 2036 464 2102 uti
488 2041 735 2109 Melastomoe,
773 2033 947 2114 Rbexiae,
990 2031 1069 2106 rel..
1113 2047 1186 2098 tum
1210 2033 1335 2098 Ericae
1358 2036 1551 2125 complures
1573 2036 1609 2103 in
1632 2039 1739 2107 humo
1763 2042 1851 2107 scidi
1875 2043 2019 2130 cujusvis
2107 2029 2114 2035 ¹

252 2165 387 2241 experte
410 2172 513 2215 arena
535 2169 644 2234 pauca
669 2141 781 2210 silicea
805 2141 909 2209 mixta
932 2141 1101 2210 coluntur.
1144 2147 1203 2228 5.)
1224 2144 1349 2210 Plantis
1363 2144 1565 2234 parasitiois,
1587 2148 1652 2212 uisi
1672 2148 1753 2237 ipsis
1775 2153 1904 2217 truncis
1926 2178 2024 2242 quer·

249 2259 321 2330 neis
344 2274 401 2326 aut
422 2257 580 2326 betulinis
603 2255 733 2358 radices
756 2253 980 2329 immiserint,
1004 2253 1150 2318 humum
1172 2276 1333 2342 paramus
1356 2279 1479 2324 arenae
1501 2257 1622 2324 mobili
1645 2275 1743 2348 atque
1764 2260 1913 2327 frustulis
1934 2261 2020 2353 ligni

250 2370 379 2462 putridi
393 2369 578 2440 corticisve
598 2366 750 2434 mixtam.
806 2363 862 2442 o.)
896 2367 1016 2430 Filices
1036 2365 1183 2446 humum
1207 2389 1224 2431 e
1245 2365 1336 2432 foliis
1358 2367 1502 2456 putridis
1524 2385 1635 2436 ortam
1657 2393 1735 2436 cum
1758 2369 1887 2460 aequali
1910 2388 2019 2439 terrae
2119 2389 2125 2397 “

252 2483 467 2551 subturlosae
489 2479 588 2570 copis
603 2478 666 2545 sibi
688 2490 863 2568 expetunt,
887 2473 941 2542 cui
962 2473 1133 2542 interdum
1150 2475 1313 2544 corticem
1331 2477 1570 2566 subputridum
1592 2479 1827 2547 admiscemus.
1861 2486 1910 2566 t.)
1925 2481 2020 2554 Plan·

252 2609 304 2672 tss
322 2592 493 2682 aquaticas
515 2588 662 2660 exoticas
678 2587 716 2656 in
729 2588 877 2656 humo-e
894 2583 988 2655 loliis
1003 2585 1148 2684 putridis
1161 2603 1278 2683 parata
1294 2611 1374 2657 cum
1393 2588 1512 2684 argilla
1533 2587 1686 2660 fluviatili
1702 2579 1806 2661 mixta
1823 2592 1980 2672 colimus.

286 3130 289 3137 ⁵
398 3153 539 3288 XVI.
584 3135 799 3266 ‘Horti
871 3149 1220 3274 industria
1291 3189 1363 3260 ao
1434 3149 1819 3302 disciplina.

1853 3497 1876 3541 ο

249 3497 355 3667 Vel
377 3589 417 3667 eir
439 3599 517 3668 rudi
540 3599 606 3667 bae
634 3598 728 3666 horti
753 3597 910 3667 nostratis
946 3603 1085 3691 ejusque
1121 3596 1294 3667 rationum
1333 3597 1559 3689 descriptione
1579 3599 1679 3668 facile
1707 3615 1813 3688 patet,
1844 3618 2011 3694 quantum

253 3713 365 3804 operis
387 3731 456 3780 tam
481 3711 566 3780 coeli
588 3709 732 3798 injuriae
755 3717 865 3802 quam
880 3710 966 3778 aliae
988 3709 1299 3779 causaehortulano
1321 3707 1519 3800 imponant,
1566 3711 1624 3800 qui
1648 3711 1737 3778 dicto
1760 3712 1809 3777 illi
1838 3715 2012 3780 Pauaaurr

255 3824 509 3916 obtemperans:
553 3822 835 3912 „praesentia
872 3821 1038 3890 domiui
1074 3823 1164 3913 agri
1199 3833 1463 3915 provectus“
1499 3820 1616 3909 quavis
1647 3822 1714 3888 diei
1744 3831 1890 3890 noctisve
1921 3824 2008 3890 hora

253 3937 356 4020 cultui
379 3935 590 4027 plantarum,
616 3955 702 4022 quae
724 3932 760 3998 in
782 3931 1014 4018 hybernaculo
1037 3935 1174 4001 aluntur
1196 3933 1390 4024 invigilare,
1425 3955 1464 3998 ac
1493 3929 1664 4020 ingentem
1698 3933 1735 3998 in
1769 3935 1880 4000 libero
1908 3935 2007 4000 horto

249 4045 471 4115 crescentium
492 4069 677 4112 numerum
704 4045 750 4111 ob
774 4045 892 4110 oculos
914 4045 1041 4112 habere
1062 4027 1177 4126 d'eliet3
1208 4061 1240 4110 et
1260 4043 1345 4133 grati
1367 4057 1545 4118 testamur,
1575 4041 1659 4107 nihil
1683 4044 1726 4108 ab
1748 4049 1818 4130 ejas
1840 4043 2006 4110 industria

164 4187 166 4200 ,
253 4156 291 4224 in
329 4159 394 4226 bac
430 4181 467 4224 re
513 4153 697 4224 desiderari
736 4177 846 4244 posse.
909 4159 955 4228 Ut
999 4171 1110 4221 autem
1155 4155 1307 4228 labores,
1352 4175 1439 4241 quos
1484 4153 1604 4219 hortus
1640 4153 1782 4242 requirit
1822 4156 2008 4240 dijudicare

252 4267 520 4358 aliquo-modo
551 4283 672 4356 queant
688 4265 854 4339 lectores,
892 4270 986 4350 jurat
1013 4266 1107 4342 illos,
1147 4263 1205 4355 qui
1228 4262 1348 4354 quovis
1380 4287 1497 4330 mense
1523 4262 1698 4352 praecipui
1726 4283 1819 4342 sunt,
1858 4267 2004 4332 breviter

252 4399 460 4446 enumerare.
512 4376 723 4444 lanuario
751 4393 783 4442 et
803 4375 1045 4443 Februario
1077 4373 1206 4442 semina
1234 4375 1351 4442 messis
1373 4373 1583 4465 postremae,
1615 4377 1759 4464 et'quae
1782 4376 1882 4442 missa
1910 4391 2005 4453 sunt,

248 4485 286 4553 in
315 4488 472 4556 ordinem
508 4488 708 4578 rediguntur
738 4505 770 4552 et
799 4487 1046 4555 commercium
1076 4486 1251 4569 literarum
1280 4484 1519 4572 seminumque
1551 4507 1628 4550 curn
1658 4485 1772 4553 bortis.
1798 4485 1917 4553 exteris
1950 4487 2006 4554 ab·

250 4595 402 4665 solvitur.
457 4599 593 4664 Plantae
626 4597 663 4663 in
692 4597 858 4682 tepidario
891 4614 922 4664 et
955 4595 1138 4685 frigidariis
1169 4598 1277 4662 cultae
1305 4598 1608 4684 transplantantnr,
1642 4613 1672 4664 et
1700 4623 1782 4685 quas
1815 4596 2002 4664 caldarium

248 4707 355 4772 nutrit
375 4707 417 4772 ab
440 4705 572 4775 inseetis
595 4725 626 4776 et
655 4699 900 4775 mucedine'ita
923 4705 1063 4772 sollicite
1085 4722 1291 4794 purgantur,
1314 4722 1351 4770 ut
1372 4704 1627 4792 singulafolia,
1657 4707 1789 4794 petioli,
1822 4705 2000 4798 caulesque

248 4817 375 4908 singuli·
399 4818 599 4902 abluantur3
640 4819 780 4884 nomina
818 4823 1009 4906 plantarum
1041 4813 1144 4904 liguis
1171 4813 1309 4879 illarum
1339 4811 1479 4902 singulis
1509 4816 1722 4905 apponendis
1750 4814 2001 4898 inscribuntur3

244 4943 374 4999 storeae
402 4928 602 5022 reliquaque-
635 4930 863 5020 integumenta
893 4943 962 4996 tam
985 4923 1136 4992 fenestris
1167 4925 1270 5015 quam
1297 4923 1384 4994 areis
1411 4926 1603 5016 vaporariis
1633 4924 1784 5016 tegendis
1812 4929 2000 4996 necessaria
