4556 5514
852 459 1413 544 ...a-3*-

249 711 386 789 nicum',
408 711 584 801 tamquam
605 704 722 774 nobile
745 716 776 774 et
798 701 1021 773 necessarium
1044 707 1286 772 ornamentum
1307 727 1343 774 se
1363 707 1583 775 fundaturum
1605 719 1653 776 est
1673 707 1900 799 pollicitust).
1938 703 2017 802 Agi-

250 825 385 891 tabatur
408 847 462 890 res
484 822 606 888 eodem
627 819 718 885 anno
741 817 777 884 in
800 815 1002 885 Academiae
1024 831 1140 882 senatu
1163 831 1262 904 atque
1283 813 1317 879 b.
1340 817 1496 896 Giithe,
1518 819 1599 909 trogi
1621 844 1641 885 a
1662 845 1778 890 rerum
1801 814 2016 890 modicarum

27 909 30 916 ¹
90 973 95 984 =
220 931 423 1007 ,consiliis,
445 929 635 997 instruendi
657 929 747 996 horti
769 927 1049 1017 descriptionem,
1071 949 1175 1016 quam
1198 926 1379 991 hortorum
1391 924 1571 1014 Regiorum
1583 931 1773 1000 Praefectus
1798 935 1951 1022 b·Equcs
1974 931 2017 998 de

170 1061 175 1084 ¹
249 1047 383 1110 Sonant,
407 1041 658 1130 designaverat,
681 1038 716 1106 in
741 1037 891 1105 medium
907 1037 1064 1127 protulit,
1088 1060 1156 1124 qua
1177 1035 1337 1126 probata,
1353 1033 1587 1126 agerquidam
1611 1054 1687 1100 ante
1708 1046 2019 1124 portantem.

248 1153 385 1219 linam
407 1151 618 1236 (Carlsthor)
634 1167 664 1216 et
685 1147 950 1238 aSeptentrione
972 1146 1093 1213 horti
1116 1146 1288 1213 ducalis
1311 1147 1601 1235 (Herzoggarten)
1616 1145 1760 1212 aedibus
1779 1154 2015 1238 propinquus,

251 1263 309 1333 cui
333 1285 584 1350 camporum
606 1259 845 1348 (diedengerl
863 1283 990 1327 nomen
1013 1275 1100 1335 erat,
1124 1258 1247 1324 electus
1265 1271 1328 1330 est,
1352 1255 1388 1322 in
1407 1280 1476 1344 quo
1495 1255 1614 1322 hortus
1627 1255 1809 1325 botanious
1827 1259 2015 1329 instituere-

253 1388 320 1442 tur.
355 1376 460 1451 Cuius
481 1369 624 1438 dimidia
646 1374 717 1438 fere
738 1394 832 1461 pars,
854 1374 972 1460 jugera
994 1373 1038 1436 v1
1061 1384 1092 1436 et
1113 1367 1516 1451 MMMDCCGXVC**)
1539 1366 1645 1453 pedes
1664 1367 1846 1456 quadratos
1870 1373 2010 1440 metiens

247 1487 317 1568 jam
339 1480 478 1571 publica
502 1497 593 1566 erat,
614 1481 717 1548 altera
746 1479 913 1548 mediocri
939 1480 1047 1570 pretio
1072 1494 1265 1567 comparata
1285 1495 1350 1553 est,
1376 1477 1423 1544 ita
1445 1494 1480 1545 ut
1501 1478 1686 1545 Academia
1708 1479 1763 1546 die
1784 1484 1871 1546 XXI.
1896 1481 2014 1547 Martii

160 1633 167 1642 ·
247 1597 460 1673 MDGCOEX
480 1591 584 1660 totius
606 1592 727 1668 fundi,
764 1592 820 1658 cui
852 1593 930 1656 Xlll
953 1613 1031 1656 cum
1055 1587 1200 1656 dimidio
1223 1595 1380 1681 jugerum
1404 1604 1435 1656 et
1457 1593 1530 1654 vltl
1552 1589 1659 1656 millia
1682 1593 1862 1686 DCCLXll
1886 1592 2013 1681 pedum

247 1706 496 1793 quadratorum
511 1701 780 1772 mamistrensis),
794 1701 845 1760 i·-
853 1697 1102 1781 possessionem
1118 1698 1366 1770 immitteretur.
1389 1706 1477 1790 Ager
1487 1698 1553 1778 ,hic
1567 1698 1605 1766 in
1624 1700 1826 1768 occidentali
1848 1701 2011 1798 suburbio

245 1814 442 1908 Monaehii,
463 1815 560 1906 regni
580 1813 707 1894 capitio.
730 1801 811 1868 situs
832 1819 907 1870 ente
928 1803 1111 1868 duodecim
1132 1808 1237 1872 lustra
1255 1811 1478 1878 extrahendae
1500 1835 1623 1878 arenae
1645 1811 1799 1880 fossiciae
1821 1813 2018 1891 destinatus,

246 1942 362 2014 postea
385 1924 492 1992 ruinis
515 1915 595 1980 valli
617 1913 793 2003 impletus,
816 1913 853 1978 in
875 1913 992 1979 hortos
1017 1934 1166 2000 arvaque
1190 1927 1335 1978 mutatus
1357 1912 1482 1980 senebn
1505 1921 1696 2005 sensimque
1718 1923 1754 1988 in
1778 1937 1874 2012 prata
1894 1922 2014 1989 transi·

247 2052 327 2102 erat.
371 2031 480 2094 Terra
502 2023 532 2092 ei
553 2026 614 2092 t'uit
636 2048 763 2101 macra,
784 2023 911 2114 quippe
931 2045 1017 2112 quae
1032 2037 1201 2088 conderet
1221 2021 1342 2112 glareis
1368 2024 1437 2089 saxi
1455 2022 1598 2092 calcarei
1621 2026 1738 2094 attritis
1749 2051 1852 2117 etque
1875 2059 2014 2125 margae

247 2143 417 2212 calcareas
446 2137 571 2204 rariori
593 2135 725 2211 mixtis,
755 2135 865 2224 qualis
886 2156 1028 2200 omnem
1051 2143 1173 2223 agrum
1196 2137 1444 2200 Monacensem
1474 2136 1602 2225 explet,
1631 2137 1895 2227 superimposito
1918 2145 2013 2208 tenui

247 2250 399 2342 quinque
422 2264 481 2313 aut
502 2271 559 2313 sex
587 2246 809 2314 solummodo
839 2243 1004 2333 pollicum
1029 2240 1203 2310 altitudine
1231 2244 1349 2333 glebae
1371 2245 1479 2335 putris
1500 2245 1684 2335 nigraeque
1707 2250 1864 2337 tegmine.
1910 2256 2015 2338 Cuius

245 2360 319 2448 agri
344 2362 453 2442 major
477 2382 554 2448 pars
583 2361 643 2424 ΧΠ
665 2363 781 2444 jugera
805 2379 883 2422 cum
907 2353 1052 2422 dimidio
1077 2357 1235 2431 metiens,
1259 2357 1372 2422 l'orma
1393 2355 1509 2423 literae
1532 2361 1561 2422 D
1583 2358 1827 2447 longiusculaa,
1851 2387 1915 2451 pro
1939 2364 2013 2453 ipso

244 2472 346 2537 horto
370 2470 531 2536 botanico
555 2469 734 2543 demensa,
768 2465 934 2556 stipitibus
958 2464 1088 2534 circum
1112 2465 1242 2542 munita
1266 2481 1333 2542 est,
1364 2465 1409 2534 ite
1432 2483 1468 2534 ut
1489 2467 1601 2535 fronte
1622 2469 1821 2561 longissima
1850 2491 1940 2540 recta
1964 2499 2018 2542 ae·

246 2581 346 2648 dibus
370 2580 462 2646 horti
478 2580 602 2648 ducalis
619 2578 782 2668 parallelo
796 2579 952 2666 plateam,
971 2575 1025 2644 cui
1047 2577 1091 2644 ab
1103 2577 1191 2644 Elisa
1210 2575 1296 2668 regis
1312 2577 1383 2644 lilia
1399 2578 1667 2667 (Elisenstrasse)
1684 2607 1813 2652 nomen
1836 2601 1892 2660 eet,
1917 2584 2020 2652 effor-

246 2709 366 2769 maret,
381 2693 573 2780 plantarum
594 2689 816 2758 hibernaculo
834 2713 875 2756 ex
888 2690 1030 2756 adverso
1052 2687 1087 2754 in
1106 2690 1433 2759 curvaturaedundo
1453 2694 1695 2765 construendo.
1728 2693 1884 2761 Mediam
1902 2719 2017 2764 aream

243 2802 402 2892 ellipseos
424 2801 536 2870 forma
558 2805 813 2868 ooccxxxvl
836 2801 964 2886 pedum
985 2800 1200 2888 longitudine
1222 2817 1253 2864 et
1274 2804 1331 2864 CD
1356 2803 1482 2888 pedum
1504 2804 1679 2869 latitudine
1701 2804 1815 2870 herbis
1838 2829 1927 2892 quae
1951 2806 2019 2870 sub

246 2912 305 2980 dio
323 2913 389 2980 coli
408 2930 563 3003 possent,
581 2909 760 2998 occupari,
775 2925 961 2975 extremam
975 2907 1279 2976 versutorientem
1295 2924 1327 2974 et
1342 2908 1560 2979 Occidentem
1576 2911 1757 2979 arboribus
1773 2915 2018 3003 fruticibusque

244 3023 378 3090 conseri
401 3020 543 3104 placuit,
568 3019 729 3104 perducta
752 3015 899 3082 arboreti
916 3016 1122 3104 plantatione
1140 3042 1257 3084 versus
1280 3019 1502 3104 hybernaculi
1516 3024 1660 3113 angulos
1684 3047 1765 3092 eum
1786 3024 1822 3090 in
1840 3025 1944 3090 ῆιιειιι
1963 3040 2018 3102 ut,

246 3130 274 3199 si
299 3126 525 3200 adolexissent
556 3129 696 3196 arbor'es
726 3127 861 3212 objectu
890 3151 1069 3194 ramorum
1092 3129 1323 3207 Libonotum,
1353 3135 1503 3200 Caurum
1535 3153 1567 3202 et
1591 3123 1826 3214 Euronotum,
1858 3136 2017 3204 inimicos

242 3257 382 3317 ventos,
408 3253 573 3306 arcerent.
620 3237 695 3306 Alia
723 3237 884 3306 territorii
914 3262 1011 3326 pars,
1038 3241 1081 3304 ab
1105 3239 1179 3330 ipso
1203 3241 1305 3310 horto
1329 3244 1437 3333 platee
1460 3270 1552 3335 quae.
1568 3270 1589 3312 e
1617 3249 1746 3336 Sophia
1768 3267 1800 3316 et
1825 3250 1899 3339 ipsa
1929 3248 2020 3338 regis-

240 3351 311 3416 lilia
332 3351 639 3438 (Sophienstrasse)
655 3348 1263 3426 dieitur,diremta,versus0ecasum.
1274 3355 1468 3439 hybernum
1487 3357 1548 3424 sita
1564 3359 1609 3425 ad
1629 3359 1866 3448 praeparanda
1889 3376 1920 3425 et
1936 3383 2016 3448 pro·

245 3463 417 3529 movenda
437 3486 523 3552 quae
540 3462 630 3528 horti
645 3459 794 3528 botanici
810 3457 1063 3547 disciplinasibi
1082 3461 1256 3550 flagitaret,
1270 3462 1429 3530 demensa
1445 3482 1504 3541 est,
1517 3466 1563 3532 ita
1579 3483 1616 3529 uc
1637 3469 1789 3532 hortus
1812 3469 2021 3534 secunda·
2078 3541 2087 3560 ¹

243 3572 620 3660 rius(Nebengarten)
642 3577 801 3664 jugerum
823 3587 855 3638 et
875 3570 1009 3659 triginta
1033 3594 1089 3636 sex
1113 3569 1244 3646 millia,
1277 3574 1490 3640 CCCXXVll.
1520 3574 1622 3664 pedes
1645 3577 1848 3664 quadratos,
1869 3577 2023 3668 aliusque

162 3665 165 3672 Δ
241 3663 338 3752 locus
352 3683 581 3774 temperandis
593 3701 623 3750 et
638 3682 818 3750 miscendis
829 3681 931 3756 variis
942 3679 1039 3748 terris
1053 3681 1203 3748 idoneus.
1212 3681 1373 3750 undecim
1388 3683 1492 3751 millia
1507 3689 1673 3754 coxxtv
1688 3689 1815 3781 pedum
1836 3690 2018 3780 quadrato·

241 3819 322 3860 rum
338 3813 531 3885 occuparet,
545 3793 675 3885 reliqua
693 3815 775 3863 area·
791 3795 834 3863 ad
854 3794 1098 3862 exstruendum
1119 3792 1157 3858 in
1173 3791 1297 3862 vicinia
1311 3793 1561 3864 laboratorium
1578 3798 1772 3887 chymicuae
1797 3801 1911 3894 (quod
1928 3821 2024 3868 nunc·

185 3943 188 3948 ·
239 3907 309 3988 iam
332 3923 536 4004 exstructum
560 3917 628 3987 est)
651 3923 830 3974 reservata.

367 4017 482 4084 Prima
510 4019 638 4085 horum
676 4019 836 4084 laborum
866 4041 948 4085 cura
978 4041 997 4082 a
1026 4041 1163 4086 summo
1192 4019 1367 4110 {tegimine
1411 4022 1520 4092 deleta
1558 4041 1606 4092 est
1649 4024 1762 4114 Equiti
1790 4025 1832 4093 de
1865 4006 2026 4095 Sonant,

243 4125 374 4217 optimo
405 4127 504 4206 viro,
535 4153 677 4205 rerum,
710 4153 795 4218 quae
834 4129 876 4196 ad
906 4129 1083 4196 hortorum
1118 4131 1284 4198 culturam
1317 4135 1486 4226 pertinent
1521 4135 1829 4225 experientissimo,
1872 4133 1931 4224 qui
1971 4145 2020 4196 tot

240 4255 378 4329 tamque
403 4240 536 4332 egregia
559 4239 595 4306 in
617 4238 759 4308 Bavaria
778 4239 958 4326 praestitit,
981 4255 1017 4306 ut
1034 4241 1238 4309 memoriam
1262 4241 1326 4309 sibi
1348 4245 1521 4334 reliquerit
1543 4238 1842 4337 sempervire'ntem
1867 4263 1901 4312 et
1920 4259 2023 4335 quot.

240 4351 337 4420 annis
360 4349 479 4417 Florae
503 4350 639 4418 dotibus
662 4366 872 4418 renovatam.
928 4356 991 4418 Res
1013 4369 1118 4442 gestas
1141 4377 1221 4420 vero
1250 4353 1342 4442 apud
1363 4356 1589 4425 Academiam
1606 4360 1640 4424 b.
1663 4359 1803 4425 Giitbe
1833 4356 2035 4426 renuncia·.

242 4461 318 4540 bat,
340 4459 402 4553 qui
422 4477 503 4530 tunc
523 4459 689 4552 temporit
707 4458 862 4531 botanici
883 4461 973 4532 vices
995 4463 1107 4556 gessit.
1150 4461 1271 4532 Omnis
1293 4463 1385 4538 boeti
1407 4489 1486 4536 area
1508 4493 1610 4538 muro
1632 4469 1739 4538 trium
1751 4468 1878 4561 pedum
1899 4468 2012 4539 nnus

290 4793 312 4861 ἰ
328 4769 404 4864 usp.
421 4801 562 4852 tarmus
580 4805 672 4857 uta..
695 4813 772 4860 ιιοι.
792 4806 817 4868 t.
835 4807 911 4858 xxv.
1015 4765 1018 4770 ’

278 4918 311 4988 “l
329 4926 447 4992 loquu-
464 4927 565 4983 boisum
583 4931 740 4998 quadraginta
757 4933 833 4984 millis
850 4935 942 4999 peden
959 4937 1131 5000 ιμιὺιιυιιιι
1148 4937 1277 4990 belcam
1294 4951 1387 5008 sequen

1525 5059 1543 5117 1
1565 5049 1590 5096 Ι
