4556 5514
854 459 1419 544 π--ι-υᾷαιιι--ι

257 700 337 772 dine
359 701 575 794 cingebatur,
597 722 701 794 quem
723 724 839 773 versus
852 704 1025 773 Orientem
1048 698 1278 769 etMeridiem
1298 699 1415 791 virgae
1433 699 1563 772 ferreae
1583 701 1717 794 reliquo
1739 703 2022 798 ambitu'ligneee

256 813 427 883 muniunt.
462 813 617 885 Primum
642 834 723 886 tunc
745 814 817 894 fuit,
835 809 966 899 egestati
986 827 1096 880 terrae
1112 837 1322 890 succurrere,
1347 811 1546 903 praesertim
1570 813 1610 881 iis
1635 813 1671 882 in
1693 813 1788 893 locis,
1812 818 1871 910 qui
1904 821 1949 895 ed
1973 845 2027 888 ex·

255 926 430 1018 cipiendne
447 929 577 1018 plantas
594 913 854 1000 destinabantur,
866 947 970 1012 quarn
987 923 1031 992 ob
1047 947 1184 991 caueam
1207 924 1244 994 in
1260 925 1374 994 medio
1388 927 1490 993 horto
1506 928 1641 994 areolae
1663 928 1795 1007 (Tabl.
1806 933 1869 1013 aa)
1890 929 2027 1022 triginta

255 1037 370 1107 herbis
388 1040 562 1132 assignata,
570 1035 695 1104 semitis
705 1049 852 1126 quatuor
874 1033 1057 1120 (ibidem1)
1085 1035 1121 1101 in
1135 1036 1396 1130 longitudinem,
1414 1053 1607 1130 septemque
1619 1036 2027 1124 (innutabundum

254 1150 446 1241 perductis,
469 1147 512 1214 ad
529 1147 632 1214 latera
655 1171 737 1214 vero
758 1169 822 1235 pro
839 1144 1020 1213 arboribus
1035 1145 1281 1240 fruticibusqne
1296 1147 1403 1234 (ibid.
1413 1151 1470 1233 en)
1493 1149 1753 1239 quatuordecim
1771 1175 1868 1220 areae
1886 1153 2028 1223 deverti·
2125 1167 2131 1182 “

254 1259 338 1327 culis
359 1253 466 1344 (ibid.
480 1265 514 1341 ⁵)
537 1256 829 1327 discernebantur.
887 1257 1006 1326 Elosea
1028 1258 1223 1327 areolarum
1246 1277 1335 1327 terre
1358 1254 1481 1338 sterili,
1499 1263 1644 1328 humum
1669 1260 1851 1354 pinguem,
1873 1290 1977 1356 qnam
2008 1291 2027 1337 e

252 1371 369 1461 plateis
400 1392 460 1460 per
477 1386 572 1460 prata
587 1367 715 1436 ibidem
731 1369 872 1437 innova
888 1369 1053 1436 suburbia
1071 1370 1233 1439 mutanda
1248 1371 1356 1441 ductis
1380 1375 1592 1455 deraserant;
1615 1371 1729 1442 cribro
1753 1399 1770 1441 a
1786 1377 1909 1467 lapillis
1926 1403 2025 1446 mun.

252 1481 369 1550 datam
386 1479 538 1570 quinque
560 1480 688 1570 pedum
705 1479 900 1558 altitudine,
924 1482 1041 1550 addito
1057 1482 1242 1551 sufficiente
1259 1484 1455 1564 laetamine,
1467 1485 1672 1576 implebant3
1694 1487 1824 1578 lapides
1838 1515 1922 1558 vero
1944 1490 2026 1559 inde

251 1610 418 1661 extractos
440 1609 634 1680 terramque
652 1616 804 1660 macram
826 1591 863 1659 in
878 1593 1057 1661 elevandas
1075 1593 1344 1679 muniendaeque
1366 1595 1609 1687 semitas,quae
1630 1601 1764 1664 tv-x
1787 1601 1890 1689 pedes
1912 1601 2024 1670 latitu-

252 1705 333 1773 dine
356 1721 511 1795 aequant,
534 1704 760 1788 adhibebant3
782 1728 867 1795 opus
891 1727 972 1772 sane
996 1704 1214 1780 diuturnum,
1237 1703 1309 1767 lere
1328 1721 1540 1772 annuum«,
1563 1707 1630 1775 nisi
1651 1707 1806 1776 militari„
1828 1731 1967 1780 vectum
1988 1713 2026 1782 3„

253 1816 419 1884 auxilium
442 1831 559 1882 vocata
582 1814 713 1892 fuisset,
736 1811 1082 1898 sumptuosissimam·
1126 1819 1241 1875 Onera
1262 1809 1353 1874 essim
1376 1806 1546 1898 octoginta
1568 1813 1620 1876 Μ·
1641 1821 1871 1900 pleuetrorum
1894 1823 2025 1892 inuecta

252 1943 426 1994 numerata
445 1942 532 1993 eunt.
558 1924 687 1991 Eodem
709 1941 846 2008 qunque
866 1935 1021 2009 tempore
1039 1920 1269 2009 aquaeductus
1292 1919 1515 1987 fundamenta
1533 1923 1619 2006 jecta
1634 1938 1721 1997 eum,
1744 1946 1787 1989 ex
1800 1934 1941 2015 aquario
1962 1959 2025 2002 no·

254 2038 400 2106 socomii
422 2037 459 2104 in
481 2030 656 2098 canalibus
677 2029 797 2118 ligneis
820 2054 944 2122 aquam
968 2030 1181 2108 devehentis,
1209 2029 1319 2097 tribus
1342 2030 1378 2096 in
1401 2032 1504 2099 horto
1529 2031 1681 2099 cisternis
1704 2036 1879 2116 rotundis,
1906 2047 2026 2136 viginti

253 2150 354 2240 pedes
378 2145 546 2213 diametro
570 2142 792 2232 aequantibus
815 2160 962 2232 quatuor
985 2144 1113 2232 pedum
1136 2140 1331 2220 altitudine,
1353 2159 1435 2211 tunc
1458 2161 1577 2235 quarta
1592 2143 1628 2209 in
1650 2144 1755 2214 horto
1778 2155 1969 2222 accessorio
1992 2173 2026 2226 et

252 2283 309 2326 sex
361 2254 553 2322 minoribus
594 2253 643 2336 in,
678 2254 911 2339 hybernaculu
951 2253 1122 2322 collocatis
1160 2251 1403 2344 recipiendam.
1481 2261 1553 2323 Nec
1608 2255 1737 2324 bellum
1787 2260 2026 2350 gravissimum

253 2387 334 2436 tunc
358 2365 521 2455 temporis
544 2383 702 2432 exortum
733 2367 776 2430 ab
800 2364 960 2454 incoepto
985 2389 1090 2453 opere
1112 2363 1319 2439 deterrebat,
1353 2365 1464 2432 immo
1496 2391 1604 2455 quum
1635 2368 1698 2435 sub
1728 2372 1809 2436 anni
1832 2351 2026 2448 MDCCCX

251 2474 422 2568 principio
453 2476 489 2541 in
512 2476 563 2544 Cl.
587 2477 628 2543 de
650 2480 834 2552 sennenn,
863 2475 1038 2565 Equitem,
1067 2500 1089 2542 e
1111 2473 1271 2541 cathedra
1293 2473 1549 2542 Landisltutane
1571 2479 1607 2542 in
1629 2480 1850 2550 Academiam
1872 2507 2025 2560 nostram

252 2606 412 2658 vocatum
446 2586 600 2656 lintanici
624 2613 748 2655 munus
772 2585 1017 2664 deferreretur,
1038 2601 1133 2653 tanto
1158 2585 1283 2653 ardore
1304 2584 1340 2650 in
1365 2586 1576 2677 capessendis
1599 2588 1692 2657 hisce
1710 2592 1956 2682 negotiisnsus
1979 2617 2028 2671 eet

251 2701 304 2768 nir
324 2700 493 2792 optimus,
517 2717 553 2766 ut
571 2699 697 2768 mirum
716 2699 752 2765 in
772 2699 915 2766 modum
934 2722 971 2767 ea
993 2698 1177 2766 accelerata
1195 2697 1470 2788 prosperrimum
1490 2715 1649 2767 eventum
1662 2723 1815 2794 ,eumque
1831 2729 1934 2794 quem
1953 2734 2025 2780 ma.

252 2813 345 2880 xime
370 2814 606 2905 propinquum
631 2810 883 2902 pollicerentur.
936 2817 1091 2876 Attamen
1125 2831 1197 2875 non
1225 2809 1425 2885 defuerunt,
1454 2810 1512 2899 qui
1540 2811 1623 2879 dum
1650 2837 1736 2905 opus
1766 2813 1895 2908 ingenti
1923 2841 2025 2892 auctu

253 2941 438 3000 cresceret,
461 2926 513 2992 vel
539 2922 730 3015 ignorantia
762 2921 846 2988 moti
871 2921 924 2988 vel
946 2919 1076 2986 invidia
1102 2919 1156 2985 vel
1186 2917 1460 3009 reprehensionis
1486 2922 1620 3010 pruritu
1649 2925 1692 2991 de
1716 2926 1806 2994 horti
1827 2928 1905 2996 loco
1935 2936 2025 3003 male

251 3035 358 3102 electo
377 3035 485 3124 deque
502 3033 673 3102 territorio
691 3030 1004 3122 nimiissumptibus
1023 3030 1238 3099 emendando
1254 3027 1367 3094 varios
1385 3053 1542 3096 rumores
1553 3051 1759 3122 spargerent,
1775 3060 1815 3104 eo
1832 3043 2026 3134 praecipue,

251 3146 349 3234 quod
367 3162 494 3212 tantem
516 3145 612 3212 humi
633 3145 760 3212 molem
778 3149 875 3229 (non
890 3143 962 3209 sine
981 3163 1192 3233 pauperum,
1210 3163 1297 3228 quos
1316 3141 1446 3204 cultura
1464 3143 1671 3231 occupabat,
1685 3145 1811 3235 insigni
1830 3147 2024 3241 levamine)
2079 3192 2082 3197 Δ

251 3253 361 3346 ingeri
387 3255 552 3334 viderent,
569 3257 729 3326 deterriti.
772 3261 818 3323 lta
836 3254 927 3322 enim
949 3270 995 3321 est
1011 3266 1227 3342 comparatus
1244 3247 1428 3316 hominum
1448 3249 1602 3329 enimus,
1624 3269 1660 3320 ut
1673 3254 1860 3324 mediocria
1871 3284 2025 3354 quaeque

252 3365 379 3433 eximio
402 3367 515 3436 studio
538 3385 782 3460 prosequatur,
807 3365 911 3458 digna
934 3389 1016 3434 vero
1040 3381 1073 3432 et
1095 3360 1211 3454 magni
1236 3361 1401 3430 momenti
1425 3385 1530 3453 opera
1553 3363 1636 3430 dum
1661 3365 1809 3434 adversis
1832 3371 2026 3459 pericliten.

249 3493 322 3552 tur,
347 3479 436 3546 male
458 3478 682 3569 interpretans
707 3478 955 3568 vituperatione
982 3473 1229 3563 calumniisque
1257 3475 1464 3563 proscindat.
1516 3476 1629 3561 Quam
1661 3476 1706 3541 ob
1738 3503 1876 3547 oausam
1907 3485 2021 3574 primo

249 3611 329 3654 uere
357 3588 438 3652 anni
463 3592 671 3660 MDCCCXl
700 3586 884 3654 Academia
907 3611 926 3650 a
948 3610 1084 3652 summo
1102 3584 1279 3674 Regimine
1310 3585 1433 3652 iterum
1456 3585 1674 3673 interrogata,
1698 3589 1780 3678 quid
1803 3591 1867 3657 sibi
1891 3595 1932 3662 de
1954 3597 2021 3665 loci

251 3699 504 3790 opportunitate
526 3717 624 3790 atque
647 3699 688 3765 de
709 3697 808 3764 humi
830 3696 976 3783 ingestae
997 3695 1147 3764 bonitate
1168 3695 1343 3773 videatur,
1368 3719 1447 3763 eum
1469 3694 1641 3773 omnibus,
1664 3721 1750 3787 quae
1772 3701 1808 3766 in
1832 3706 2020 3778 muniendo

222 3811 351 3878 -horto
375 3810 534 3878 botanico
559 3806 825 3878 considerandae
847 3823 976 3883 essent,
1005 3805 1194 3874 rationibus
1222 3807 1430 3896 respondere
1452 3805 1625 3895 praeclare
1648 3801 1902 3892 demonstrans,
1934 3817 2021 3888 invi.

249 3921 325 3989 diae
348 3946 542 4012 eggressum
567 3920 710 4010 repulit,
738 3917 925 4011 Regiminis
947 3917 983 3982 in
1005 3915 1203 4007 incoeptum
1228 3941 1314 4009 opus
1336 3915 1485 3984 studium
1508 3923 1727 4006 provocavit,
1759 3924 1869 4002 auxit,
1900 3951 2019 4000 corro-

247 4014 392 4099 boravit.
438 4039 663 4122 Argumenta,
688 4029 811 4122 quibus
836 4025 1017 4098 Academia
1038 4027 1264 4107 innitebatur,
1289 4045 1402 4095 erant:
1432 4051 1546 4096 aream
1570 4035 1638 4117 jam
1662 4049 1757 4100 antee
1782 4055 1822 4102 ex
1844 4057 1936 4126 parte
1960 4044 2019 4110 Rei

249 4144 408 4234 publicae
437 4142 557 4221 luisse,
590 4167 700 4234 pauco
726 4159 863 4232 sumptu
893 4139 930 4207 in
962 4139 1143 4207 circuitum
1173 4163 1235 4229 pro
1266 4139 1357 4206 horti
1385 4139 1535 4208 botanici
1568 4143 1763 4212 conditione
1795 4147 2017 4220 suffecturum

147 4341 148 4345 Ἰ
251 4275 403 4332 auctam,
434 4249 573 4322 hortum
597 4279 678 4322 vero
702 4245 823 4321 urbem
847 4277 974 4321 novam
997 4253 1053 4320 hic
1085 4249 1374 4320 exaedificandum
1406 4253 1534 4320 mirum
1558 4254 1594 4320 in
1628 4255 1771 4323 modum
1796 4271 2015 4341 ornaturum,

251 4365 345 4432 baud
366 4365 520 4433 dissitum
542 4365 585 4434 ab
608 4366 693 4433 urbe
715 4364 805 4432 facili
834 4364 970 4456 negotio
1004 4365 1046 4432 eb
1070 4365 1167 4433 omni
1189 4365 1340 4457 populo,
1368 4364 1567 4455 praesertim
1590 4389 1608 4429 a
1631 4369 1865 4458 Rotanoplrilis
1889 4374 2017 4442 visitari

251 4499 368 4565 posse,
404 4477 440 4545 in
471 4479 550 4545 solis
579 4502 716 4546 cursum
745 4477 895 4568 undique
918 4477 1026 4567 probe
1050 4495 1185 4568 patere,
1214 4479 1361 4546 humum
1393 4476 1520 4543 illatam
1551 4476 1718 4568 optimam
1750 4503 1819 4549 esse
1849 4507 1913 4574 pro
1948 4482 2017 4554 loci
2097 4569 2103 4578 α

253 4587 473 4664 conditione,
506 4611 630 4678 aquam
659 4589 851 4664 abundare,
882 4610 946 4655 nec
969 4605 1082 4655 tamen
1115 4613 1267 4679 unquam
1298 4589 1540 4656 inundationes
1571 4587 1741 4666 minitari,
1772 4615 1871 4681 quae,
1901 4594 1948 4671 si,
1980 4611 2016 4662 ut

251 4698 426 4765 nonnullis
460 4698 621 4787 placitum
662 4715 769 4775 esset,
802 4697 840 4763 in
870 4697 1035 4766 viridario
1070 4699 1336 4766 deambulationi
1379 4697 1537 4788 publicae
1574 4698 1685 4766 dicato
1718 4703 1810 4784 (der
1846 4701 2014 4789 englische

252 4813 377 4878 Garten
404 4808 537 4893 dicto),
570 4809 774 4898 profundius
796 4814 888 4894 juxta
910 4815 1020 4876 Isarae
1043 4809 1138 4876 fluvii
1163 4808 1294 4876 canales
1316 4806 1399 4884 sito,
1430 4807 1548 4876 hortus
1571 4808 1815 4885 instrueretur,
1833 4818 2013 4899 quotannis

251 4919 379 4988 ibidem
403 4919 572 4990 rediturae
594 4943 757 5015 magnum
779 4919 1042 5011 plantationibus
1066 4919 1306 4991 detrimentum
1328 4917 1451 4989 efferre
1469 4919 1670 5012 debuissent.
1712 4920 1774 4988 Hie
1795 4920 1899 5012 igitur
1921 4922 2014 4996 coni·
