4556 5514
606 507 741 572 μ
835 485 1463 561 *κω-*ι

219 715 2005 832 ‚hybernaculonunelongitudinisignemreceperint,caloremeffunduntmagistiururnumaequest,

235 840 352 909 addito
371 841 450 909 solis
467 839 711 916 incitamento,
733 836 769 903 in
789 832 936 902 nimium
960 849 1157 922 augeretur,
1180 833 1273 902 facili
1291 830 1449 923 negotio,
1478 835 1545 904 nisi
1560 838 1712 931 fenestris
1730 848 1869 936 apertis,
1903 853 2007 922 ‘dimi-

232 952 423 1020 nuendam
446 955 555 1038 1³0er
579 951 712 1019 canales
738 945 860 1037 plantis
877 931 1001 1015 emisso
1022 967 1084 1036 per
1101 945 1204 1014 rimas
1233 947 1330 1016 iumo
1351 946 1545 1027 minantur,
1581 965 1681 1044 atque
1712 955 1740 1024 si
1761 957 1902 1050 iuligine
1925 963 2004 1033 illos

128 1055 131 1062 ’
232 1065 373 1154 purgari
391 1081 524 1130 neeesse
539 1043 678 1148 simper
698 1055 882 1126 nonnullas
896 1056 966 1125 dies
985 1041 1133 1126 calelieri
1151 1083 1222 1124 non
1239 1077 1389 1150 possunt
1434 1065 1561 1130 Contra
1580 1063 1761 1136 fornacum
1787 1073 2006 1144 moderatum

231 1173 380 1239 calorem
406 1168 506 1236 etiam
529 1167 650 1236 vicinis
673 1169 794 1262 plantis
813 1169 906 1237 haud
930 1167 1073 1238 noxium
1089 1192 1160 1241 este
1174 1187 1238 1238 nos
1257 1171 1396 1261 quidem
1412 1173 1617 1266 experientia
1634 1179 1781 1250 edocuit.
1824 1185 2007 1256 Caeterum

230 1279 500 1370 hybernaculum
515 1305 626 1372 neque
641 1280 749 1348 nimia
767 1279 966 1350 humiditate
980 1305 1093 1372 neque
1103 1281 1233 1374 irigore
1252 1281 1446 1362 infestatur,
1468 1301 1539 1353 tam
1563 1287 1609 1355 ob
1634 1291 1785 1360 materiei
1798 1293 1999 1376 honitatem,

227 1417 333 1484 quam
353 1392 400 1460 ob
421 1392 621 1470 cavaedium
640 1393 734 1484 quod
750 1417 814 1483 pro
835 1392 1208 1465 curandis'lornacibus
1223 1393 1259 1462 in
1277 1396 1533 1486 septentrionali
1550 1399 1654 1468 latere
1671 1401 1832 1475 decurrit.
1876 1411 2004 1476 Calda·

229 1509 283 1571 ria
301 1508 363 1572 tria
380 1505 508 1572 suntin
531 1504 686 1573 orientali
703 1505 794 1574 aedis
812 1507 931 1584 latere,
958 1532 1045 1599 quae
1062 1509 1176 1576 calore
1197 1515 1255 1578 15⁹
1273 1513 1412 1574 Reaum.
1430 1508 1676 1591 lomentamus,
1699 1513 1872 1585 interdum
1888 1519 1924 1586 in
1942 1528 2001 1594 tt·

226 1599 280 1684 vel
301 1624 358 1687 11¹⁰
374 1616 597 1684 descendente
613 1615 740 1708 absque
756 1617 912 1710 stirpium
931 1618 1155 1696 detrimento,
1186 1641 1333 1707 quarum
1361 1618 1517 1689 duriores
1540 1622 1780 1705 solummodo,
1817 1628 1866 1698 uti
1890 1633 2003 1713 Lilia,

231 1729 421 1805 Gramina,
445 1719 682 1813 Cypercceae.
709 1733 956 1800 Succulentae,
980 1731 1022 1792 ad
1041 1731 1204 1793 fenestras
1222 1722 1406 1790 collocatae
1430 1743 1524 1800 sunt,
1545 1734 1687 1826 seliquis
1713 1736 1873 1805 omnibu,
1894 1763 2002 1831 papo.
2072 1785 2076 1792 .

227 1837 327 1905 rariis
339 1837 519 1926 immersis.
541 1839 727 1926 Vaporaria
740 1835 1056 1928 corticei'mplemps
1068 1835 1235 1911 coriario,
1248 1838 1343 1920 cujus
1354 1832 1606 1903 effervescentia
1621 1837 1657 1904 in
1671 1857 1731 1928 eet
1741 1857 1851 1920 -500
1861 1854 2001 1920 Reaum.
2097 1923 2098 1928 ,

225 1949 376 2018 calorem
396 1972 518 2038 augere
535 1971 735 2037 pessumum
760 1948 934 2037 fatigatum
953 1946 1115 2016 corticem
1130 1944 1246 2013 addita
1269 1944 1413 2012 recentis
1431 1943 1622 2015 sufficiente
1638 1949 1738 2042 copia
1755 1961 2002 2042 emendamus,

224 2085 289 2129 nec
304 2058 835 2150 stercusadmiscemus'propter
854 2057 1008 2138 nimiam,
1030 2081 1135 2151 quam
1159 2072 1251 2124 creat
1280 2053 1451 2122 vermium
1472 2057 1688 2151 aliorumque
1710 2063 2001 2142 animalculorum

223 2187 377 2261 pestcm;
401 2187 547 2238 attamen
563 2170 733 2260 impedire
752 2195 824 2238 non
840 2195 1039 2261 possumus,
1064 2167 1265 2260 quominus
1287 2164 1434 2234 subinde
1450 2171 1721 2260 Aethaliiflaui,
1767 2179 2002 2260 Coprinorum
2050 2233 2053 2240 ·

221 2297 253 2348 et
271 2281 421 2347 aliorum
438 2280 678 2372 vegetabilium
694 2281 985 2348 succedaneorum
1010 2297 1103 2347 vasta
1120 2277 1257 2370 agmina
1287 2295 1482 2368 appareant.
1536 2285 1639 2347 Cocci
1661 2285 1880 2369 hesperidum
1900 2309 2001 2382 atque

223 2394 401 2475 Aphidum
443 2390 640 2480 generatio,
682 2390 880 2480 praesertim
914 2392 1039 2476 hyeme
1074 2407 1106 2460 et
1141 2387 1256 2481 pr‘imo
1282 2395 1384 2464 vere,’
1439 2389 1522 2456 dum
1560 2391 1686 2462 diutius
1718 2405 1832 2464 aerem
1870 2404 1998 2491 purum

219 2499 445 2568 intromittere
487 2499 688 2591 nequimus,
726 2500 837 2569 'nimis
863 2503 1033 2569 foecunda
1065 2517 1130 2585 est;
1177 2523 1281 2590 quam
1317 2499 1400 2566 lolia
1434 2500 1606 2571 abluendo
1635 2521 1734 2594 atque
1759 2507 1994 2599 adspergendo

221 2636 366 2703 aquam,
383 2611 427 2678 oh
449 2611 545 2688 salia,
569 2636 655 2702 quae
674 2611 841 2690 continet,
858 2611 905 2679 uti
921 2612 1072 2689 videtur,
1094 2609 1134 2678 iis
1155 2612 1350 2689 adversam,
1366 2598 1530 2679 delemus.
1560 2613 1695 2705 Species
1705 2613 1741 2683 in
1758 2619 1913 2689 caldariis
1926 2623 1995 2692 cul.

218 2741 267 2791 tas
286 2726 446 2792 MDCCC
467 2747 705 2814 numeramus,
730 2750 813 2815 quas
832 2723 1020 2792 secundum
1036 2709 1181 2813 patriam
1199 2723 1402 2814 disponere,
1437 2740 1474 2789 ut
1491 2721 1680 2802 visitantes,
1704 2733 1790 2818 quac
1809 2731 1917 2801 cuivis
1936 2760 1993 2804 or.

220 2833 272 2902 bis
294 2851 460 2900 terrarum
476 2809 618 2925 partiali
635 2835 816 2926 peculiaris
830 2835 880 2903 uis
901 2859 940 2902 ac
951 2833 1215 2926 physiognomia
1232 2832 1398 2925 dispicere
1415 2817 1565 2924 possint,
1596 2835 1704 2904 'nobis
1719 2837 1755 2904 in
1772 2839 1859 2908 votis
1881 2860 1951 2926 est;
1975 2869 1996 2914 a
2020 2924 2023 2933 Δ

220 2934 285 3037 qu'o
314 2969 379 3010 nos
397 2951 509 3012 tamen
528 2925 679 3015 'consilio
700 2949 877 3038 hucusque
900 2944 1041 3038 exiguus
1064 2945 1254 3036 specierum
1271 2945 1307 3010 in
1334 2944 1411 3010 Asia
1433 2960 1465 3010 et
1494 2950 1593 3011 Nova
1620 2947 1804 3018 Hollandia
1829 2952 1993 3024 oriunda·

216 3079 295 3122 rum
324 3078 489 3122 numerus
520 3055 671 3124 detinuit.
727 3059 944 3125 Americanas
968 3055 1132 3146 quidem,
1170 3053 1369 3144 praesertim
1391 3051 1625 3129 Brasilienses,
1660 3055 1775 3144 plures
1800 3059 1992 3148 hahemus,

215 3189 339 3256 easque
356 3191 397 3233 ex
418 3183 513 3256 parte
533 3165 732 3240 rarissimas.
773 3169 991 3246 Parasiticas,
1014 3165 1064 3233 uti
1085 3167 1205 3241 Pothi,
1228 3169 1311 3242 Ari,
1336 3169 1489 3242 Caladii,
1513 3169 1712 3232 Bromeliae
1733 3171 1881 3258 species,
1912 3202 1992 3270 qua.

214 3303 293 3346 rum
322 3274 484 3346 eximium
500 3303 691 3365 ,numerum
712 3281 945 3375 possidemus,
985 3276 1114 3346 truncis
1144 3275 1309 3345 arborum
1331 3274 1541 3367 subputridis
1557 3277 1775 3347 adnascentcs
1791 3308 1991 3376 servamus3

214 3389 383 3480 aquaticas
401 3407 432 3457 et
449 3391 631 3480 palustres,
657 3393 704 3462 uti
721 3389 1267 3482 Aponogaones,·1tymphaeas‚
1298 3390 1539 3465 Nelumbium,
1573 3395 1742 3474 Olywm,
1774 3397 1991 3478 Hydroteam

210 3507 407 3586 spinosam,
431 3505 654 3589 Sagittarius,
685 3509 905 3587 Philydrum,
940 3505 1110 3578 Thaliam,
1124 3504 1293 3568 Acacium
1308 3503 1472 3584 pellitam,
1517 3504 1708 3568 Mirnosam
1724 3510 1990 3592 semitripteram

215 3614 470 3680 Desmanthum
500 3627 680 3682 natantem
704 3616 764 3684 rel.
795 3620 830 3684 in
856 3611 943 3682 vasis
969 3610 1128 3681 fictilibus
1150 3610 1234 3678 limo
1269 3626 1301 3678 et
1334 3633 1422 3701 aqua
1447 3609 1582 3700 repletis
1622 3611 1777 3680 colimus.
1850 3621 1987 3687 Hasin·
2061 3695 2078 3706 ,

213 3741 263 3792 ter
276 3723 488 3814 tropicarum
499 3724 680 3814 regionum
699 3727 819 3817 stirpes
832 3729 1036 3791 Palmarum
1054 3723 1153 3814 plura
1170 3745 1294 3814 genera
1310 3717 1345 3786 in
1360 3719 1535 3810 egregium
1545 3721 1636 3788 horti
1653 3742 1894 3792 ornamentum
1905 3729 1988 3796 emi.

211 3852 310 3902 nent:
333 3837 450 3900 Elaeis
464 3840 677 3924 gesiacensis,
709 3832 991 3922 Cocosnucifera
1013 3835 1243 3923 L.,flexuosa
1268 3846 1299 3900 et
1324 3843 1492 3898 coronata
1521 3833 1650 3910 Marc,
1681 3841 1890 3902 Acrocomr'a
1906 3846 1987 3908 sele·

213 3969 364 4030 rocurpa
391 3948 520 4026 Mare,
557 3953 846 4035 Attaleacompta
861 3951 992 4024 Marc,
1016 3949 1250 4029 Chamoerops
1268 3945 1405 4009 humilis
1423 3955 1457 4009 et
1474 3967 1545 4041 var.
1563 3951 1801 4028 arborensem
1833 3953 1986 4033 Caryota

120 4123 122 4131 ,
211 4081 326 4136 urens,
336 4062 435 4135 milis,
460 4063 732 4146 Diplothemium
740 4063 952 4129 maritimum
964 4061 1076 4124 Mart.
1094 4059 1254 4122 Phoenix
1267 4053 1491 4142 dactylifera,
1501 4059 1674 4138 sylvestris
1684 4063 1699 4142 (
1710 4058 1836 4148 species
1846 4059 1985 4150 affinis)

89 4231 103 4266 h,
174 4195 177 4201 ·
210 4173 354 4255 pausillo,
384 4174 535 4237 Latonia
556 4176 675 4247 rubra,
721 4171 1075 4255 Hyphuenecrinila,
1098 4169 1229 4252 Rhapis
1250 4164 1530 4257 flabelliformis,
1555 4171 1659 4234 Sabal
1680 4175 1897 4250 Adansonii,
1920 4179 1985 4240 Co·

94 4265 102 4274 '⁵
211 4285 320 4365 typho
340 4285 498 4364 Hyslrix,
522 4286 688 4349 Calamus
705 4285 846 4366 Droco‚·
869 4280 1032 4374 quibuse
1069 4283 1308 4361 Cycaclcarnm
1329 4278 1458 4345 familia
1478 4279 1661 4346 accedunt:
1685 4285 1984 4362 Zumiuhorrida,
2080 4373 2085 4380 ἢ

212 4387 431 4472 intermedio,
452 4395 634 4482 longisolia
650 4395 709 4462 rel.
732 4397 908 4462 Praeterea
925 4392 1030 4460 multa
1047 4390 1205 4482 caldariis
1221 4389 1336 4458 insunt
1358 4390 1544 4480 specimina
1563 4406 1595 4455 et
1612 4389 1745 4457 raritate
1765 4410 1796 4460 et
1816 4393 1984 4484 magnitu-

210 4504 509 4596 dineconspicua3
544 4530 713 4597 quorum,
749 4530 794 4574 ne
823 4505 925 4574 nimis
956 4501 1084 4597 prolixi
1108 4503 1231 4580 simus,
1269 4501 1491 4569 solummodo
1519 4503 1750 4570 enumeranda
1789 4526 1983 4610 censemus:

212 4617 461 4686 Guilundinnm
476 4604 622 4685 Bonane
637 4629 671 4683 el
686 4619 953 4690 Bonducellam,
988 4617 1160 4678 Ochromo
1177 4619 1341 4701 lagopus,
1383 4615 1556 4678 Guarenm
1581 4617 1837 4696 trichilioidem,
1863 4615 1982 4678 Chori-

209 4730 297 4792 siam
318 4732 547 4794 ventricosam
559 4778 567 4804 ,
580 4726 735 4794 Liiheam
748 4711 954 4812 speciosam,
970 4725 1127 4787 Laurum
1147 4723 1319 4796 Cassiam,
1342 4725 1623 4798 cinnamomum,
1643 4727 1881 4788 Anacardium
1894 4728 1981 4792 ccci.

209 4841 363 4915 dentale,
385 4841 595 4924 Spatheliam
612 4842 813 4924 simplicem,
839 4833 1243 4905 Andombrasiliensem,
1269 4833 1454 4896 Teutonum
1464 4837 1650 4922 grandem,
1682 4837 1886 4900 sterculium
1912 4840 1980 4902 Bu·
2049 4875 2055 4884 -

197 4951 366 5046 ιῑαηςὴιιε,
373 4948 566 5038 foetidum,
584 4953 808 5036 Lecythidem
827 4949 1014 5021 Ollariam,
1035 4945 1202 5011 Blalseum
1230 4945 1451 5022 trinomium,
1487 4949 1784 5018 thelsbochium
1800 4945 1977 5035 insignem
