4556 5514
1018 259 1024 294 l

911 383 1583 460 --·21···--,'

281 617 453 688 Aeaciam
465 619 707 708 peregrinam,
737 619 875 696 haam,
898 620 1190 688 malacocentram
1216 623 1387 704 Scironis,
1414 627 1901 726 Triplaridemamericanam,
1925 645 2055 732 Malpi'.

285 732 405 818 gitium
440 742 661 820 argenteam,
705 728 1000 818 glanduliferam,
1053 735 1266 800 Pandanam
1304 735 1487 813 humilem,
1530 743 1605 807 Fici
1644 763 1674 812 et
1711 752 1884 822 Mimosae
1927 757 2057 850 species

282 841 418 931 plures,
460 864 606 930 querum
637 840 762 910 multae
795 865 813 910 e
845 841 987 910 Brasilie
1011 843 1129 912 allatae
1162 844 1321 914 nondum
1357 847 1505 936 floruere
1525 846 1673 942 ideoque
1696 855 1895 936 nominibus
1919 870 2049 942 adhue.

279 953 363 1020 dum
380 968 504 1026 nerent.
526 950 728 1023 Proximum
753 952 909 1022 caldariis
932 969 979 1022 est
1004 958 1241 1039 Tepidorium,
1264 956 1357 1048 quod
1368 954 1486 1048 stirpes
1508 957 1627 1050 recipit
1644 959 1792 1036 interris
1812 960 2050 1074 extralrropi.

281 1086 338 1130 cas
348 1062 432 1138 ritis,
452 1078 598 1132 attamen
607 1062 829 1132 calidioribus
841 1064 1016 1134 oriundas.
1059 1064 1552 1160 HicigiturSucculentarum:
1578 1075 2051 1172 Cacti,Eupitorbiae‚Atotis‚

280 1175 648 1258 Mesembryantitemi,
672 1178 856 1244 crassulae
864 1176 924 1244 rel.
933 1174 1120 1270 singulares
1133 1180 1261 1254 formes
1272 1179 1434 1259 invenies,
1451 1205 1597 1272 quarum
1616 1187 1730 1255 CCCC
1748 1215 1894 1262 numero
1913 1197 2050 1270 laetissi-

279 1307 376 1358 mum
419 1289 511 1372 juste
542 1288 704 1354 fenestras
733 1287 872 1380 capiunt
901 1289 1150 1358 incrementum
1189 1309 1219 1368 et
1254 1290 1329 1361 solo
1363 1310 1487 1387 nostro*
1510 1297 1663 1366 calcares
1692 1278 1840 1392 giudere
1880 1305 2049 1382 videntur.

279 1396 484 1482 Eueuiypti,
500 1401 752 1478 ‘Metrosiderb
780 1404 973 1500 Benlssiae,
998 1404 1146 1468 Protsee
1163 1403 1222 1470 rel.
1245 1409 1364 1472 Novae
1384 1405 1588 1478 Hellandiee
1615 1427 1646 1478 et
1665 1411 1792 1505 Capitis
1818 1416 1851 1483 b.
1867 1420 1900 1486 S.
1929 1421 2048 1516 stirpes

275 1506 478 1584 teneriores,
500 1533 584 1599 ques
600 1511 721 1580 eodem
737 1512 815 1580 loco
839 1512 1002 1584 colimus,
1024 1527 1093 1577 tam
1110 1511 1156 1578 ob
1172 1530 1281 1582 terrae
1299 1517 1486 1596 delectum,
1523 1520 1571 1587 uti
1594 1547 1697 1616 supra
1720 1527 1941 1610 monuimus,
1964 1535 2046 1620 (cui

162 1669 167 1676 .
275 1631 389 1684 temen
407 1619 546 1690 advecta
562 1645 603 1690 ex
619 1647 701 1715 agro
714 1614 923 1703 Kitm’ngensi
931 1613 1029 1706 gleba
1043 1619 1135 1708 putri
1145 1624 1377 1694 succurrimus
1387 1633 1405 1716 )
1415 1653 1519 1720 quem
1534 1631 1579 1698 ob
1590 1635 1760 1724 caritatem
1779 1641 1977 1712 adhucdum
1990 1646 2050 1715 de*

273 1723 413 1798 biliores
428 1747 528 1822 atque
545 1751 691 1804 numero
713 1725 891 1818 pauciores
909 1743 1004 1804 suot,
1027 1725 1056 1792 si
1075 1727 1163 1795 forte
1181 1734 1303 1798 Ericas
1317 1736 1487 1824 excipies,
1509 1767 1654 1828 querum
1673 1749 1765 1818 Lxx
1779 1753 1907 1842 species
1923 1779 2043 1826 nume.

273 1859 414 1916 remus,
443 1843 666 1932 velAcecias
694 1841 868 1923 aphyilas,
900 1860 984 1929 ques
1015 1861 1058 1904 ex
1087 1855 1182 1929 parte
1210 1840 1285 1910 heic
1308 1841 1517 1914 robustiores
1536 1865 1634 1940 atque
1653 1857 1906 1944 frondosiores,
1938 1892 2043 1958 quem

273 1946 311 2014 in
327 1945 401 2039 ipsa
422 1949 530 2040 petria
550 1947 697 2018 inveniri
720 1951 763 2018 cl.
786 1953 890 2020 Fenn-
904 1953 1032 2026 Benna,
1063 1952 1321 2043 lconographus
1341 1952 1635 2040 vindobonensis,
1665 1965 1724 2056 qui
1750 1992 1827 2038 cum
1859 1980 2053 2048 Nevsrche

270 2063 445 2128 Fntaneas
472 2076 597 2128 terrem
616 2062 797 2131 australem
816 2057 979 2138 visitavit,
1001 2059 1103 2128 nobis
1124 2079 1242 2130 auctor
1259 2063 1331 2134 luit.
1378 2068 1594 2138 Praeclarum
1620 2075 1776 2166 tepidarii
1798 2105 2040 2158 ornamentum

271 2169 405 2238 exhibet
428 2171 615 2240 bulborum
636 2172 834 2262 eapensium
857 2170 1035 2250 collectio,
1069 2175 1268 2255 Cyrtantiu',
1292 2181 1532 2266 Brunsvigiae,
1558 2188 1802 2268 Amaryllidis,
1838 2197 2041 2272 Watsoniae

267 2284 388 2358 Ixias,
412 2285 640 2362 Meltenaliae
654 2302 687 2352 et
697 2287 911 2362 Haemantlti
920 2281 1089 2374 speciosas
1107 2285 1233 2374 species
1252 2289 1494 2380 complectens,
1517 2316 1620 2381 quam
1639 2295 1828 2368 liberalitati
1846 2303 1886 2371 cl.
1899 2309 2041 2387 Bitenas,

268 2391 544 2483 Bembergensis,
566 2393 603 2462 in
618 2393 767 2466 colonie
785 2394 919 2482 Albany
937 2397 1018 2486 Cap.
1031 2395 1063 2462 b.
1083 2398 1116 2464 S.
1140 2398 1432 2490 Pharmacopolae
1450 2395 1625 2474 debemus.
1669 2409 1772 2478 Calor
1796 2412 1958 2506 tepidarii
1972 2443 2043 2490 me·

266 2503 342 2572 dius
360 2522 407 2572 est
426 2530 444 2570 e
462 2507 571 2596 gradu
589 2513 631 2594 -{-
644 2508 675 2574 0.
691 2509 734 2578 ed
749 2519 777 2580 8.
791 2513 931 2576 Renum.
952 2511 1076 2578 Versus
1095 2511 1263 2578 Occasum
1284 2513 1351 2580 boc
1373 2513 1539 2606 excipitur
1555 2521 1749 2606 Frigidario
1774 2523 1810 2590 in
1830 2527 1916 2598 duos
1938 2555 2039 2602 oecos

266 2611 396 2691 diviso,
419 2618 542 2706 quibus
559 2621 718 2686 MDCCC
731 2619 858 2709 specics
875 2637 919 2687 ‘ex
938 2624 1077 2712 Europe
1098 2623 1251 2700 australi,
1275 2625 1520 2694 Promontorio
1540 2630 1573 2694 b.
1590 2633 1667 2720 sp„
1689 2635 1846 2705 Amet-ica
1861 2642 2038 2732 septentri.

263 2725 355 2804 nali,
378 2727 455 2795 Asia
472 2729 607 2794 minore
621 2729 680 2792 rel.
702 2728 828 2794 insunt.
872 2736 1171 2816 Peinrgoniorum,
1194 2735 1345 2798 scandali
1362 2738 1624 2814 Botariicorum,
1646 2767 1810 2832 magnum
1826 2773 1949 2839 agmen
1967 2771 2033 2832 est,

264 2855 533 2924 quorumtemen
544 2837 670 2926 species
680 2835 841 2918 hybridas
853 2837 977 2923 sensim
991 2837 1153 2916 aufferre,
1176 2838 1340 2926 legitimas
1356 2864 1395 2907 ex
1404 2863 1552 2914 semente
1570 2848 1715 2919 educere
1727 2855 1921 2935 studemus,
1945 2857 2032 2954 opus
2153 2881 2158 2888 '

224 2976 227 2984 ·
262 2951 333 3032 jam
349 2971 429 3011 sane
446 2944 712 3017 difficillimum,
736 2967 842 3032 quum
858 2944 894 3008 in
911 2944 985 3034 ipse
1001 2947 1111 3038 patrie
1126 2965 1217 3015 tanta
1233 2949 1392 3019 verietate
1410 2954 1548 3034 ludent,
1583 2983 1623 3028 ac
1650 2965 1799 3031 Diantbi
1824 2971 1980 3040 Rosaeve
1996 2975 2033 3042 in

261 3055 369 3122 hortis
391 3058 557 3142 Europae.
602 3053 727 3144 stirpes
744 3054 1004 3144 frigidm-iorum
1020 3060 1069 3127 uti
1090 3058 1264 3151 tepidarii,
1287 3079 1324 3128 ut
1339 3063 1423 3132 lucis
1435 3065 1624 3148 beneficio,
1642 3095 1806 3164 quantum
1824 3082 1930 3170 possit
1947 3085 2031 3168 fleri,

261 3166 509 3240 exhilarentur,
532 3165 761 3232 sustentaculis
777 3165 897 3258 ligneis
921 3190 1036 3236 versus
1059 3171 1133 3238 oeci
1150 3171 1295 3239 fundum
1313 3176 1500 3264 pyramidis
1513 3180 1550 3246 in
1564 3183 1706 3254 modum
1725 3195 1940 3280 surgentibus
1955 3215 2032 3268 sunt

260 3276 450 3368 impositae.
473 3276 578 3342 Calor
588 3277 719 3344 medius
734 3275 866 3363 -l-‹lvel
878 3285 916 3348 5⁰
928 3280 966 3344 R.
976 3297 1041 3357 est,
1058 3301 1157 3370 quent
1168 3283 1213 3350 ob
1228 3284 1317 3350 veris
1334 3287 1720 3387 diuturnitatemaugere
1742 3325 1815 3368 non
1843 3307 2030 3388 debemus,

260 3413 303 3454 ne
327 3389 446 3480 stirps
462 3413 559 3478 aegre
576 3388 704 3464 ferant,
726 3387 835 3478 dum,
851 3405 993 3455 exeunte
1009 3390 1128 3467 Maio,
1151 3389 1188 3457 in
1203 3393 1303 3462 horto
1324 3399 1526 3465 secundario
1550 3403 1659 3470 libero
1682 3411 1745 3472 sub
1765 3420 1843 3478 aere
1856 3416 2031 3483 collocen.

259 3515 330 3572 tur,
354 3523 432 3566 nam
449 3500 502 3567 vel
524 3497 635 3566 media
653 3516 769 3566 aestate
787 3497 844 3566 hic
859 3515 1069 3568 nocturnum
1089 3499 1195 3592 frigus
1214 3504 1358 3574 subinde
1382 3505 1573 3598 patiuntur,
1609 3516 1702 3604 quod
1719 3542 1790 3585 non
1814 3520 1905 3589 taciti
1922 3512 2027 3618 nego·

261 3610 308 3676 tio
327 3610 646 3678 *circumvolvendis
674 3610 826 3700 undique
850 3608 1077 3679 linteamentis
1100 3636 1140 3680 ec
1155 3701 1158 3708 ⁴
1174 3615 1309 3685 fumum
1334 3615 1456 3690 ciendo
1488 3622 1596 3691 arceri
1614 3643 1731 3717 potest.
1775 3633 1958 3704 Caeterum,
1974 3659 2028 3707 ee·

261 3735 390 3790 etuante
407 3721 469 3789 sub
496 3721 607 3792 sidere
625 3721 735 3792 linteis
751 3720 844 3790 tectis
865 3746 920 3792 ees
940 3724 1081 3796 tuendas
1097 3748 1271 3808 curamen-
1387 3727 1388 3730 ’
1750 3753 1752 3758 ·

217 4039 220 4046 ¹
378 3963 527 4029 Hortum
544 3963 786 4030 secundarium
802 3961 927 4042 variis,
957 3987 1044 4057 quae
1063 3966 1155 4036 horti
1183 3966 1348 4040 industria
1373 3969 1437 4039 sibi
1454 3976 1602 4066 postulat
1617 3982 1760 4072 negotiis
1782 3991 2024 4060 accommoda·

252 4087 324 4140 tum
343 4095 464 4163 megae
482 4097 522 4140 ex
538 4090 633 4164 perta
652 4096 749 4140 areae
764 4092 954 4165 occupent,
984 4077 1162 4170 inquibus
1182 4079 1300 4170 stirpes
1323 4081 1524 4164 educamus,
1558 4114 1663 4181 usque
1689 4095 1771 4164 dum
1796 4123 1871 4167 eam
1898 4099 2022 4190 adipis·

255 4199 373 4252 centur
391 4182 679 4274 magnitudinem,
715 4207 781 4284 que
806 4185 953 4256 liborum
976 4199 1091 4258 airam
1114 4190 1224 4257 ferant
1238 4191 1291 4258 vel
1308 4193 1540 4278 hybernaculo
1567 4201 1695 4290 possint
1711 4207 1887 4276 committi.
1932 4209 2023 4278 Celi-

252 4295 373 4389 derum
398 4293 502 4386 igitur
522 4293 701 4388 regionum
719 4293 848 4366 incolas
873 4298 991 4368 cortici
1014 4299 1163 4369 coriario
1178 4319 1363 4370 stercorato
1382 4305 1549 4377 immissas
1570 4313 1714 4383 colimus
1726 4301 1766 4383 in
1785 4319 1915 4388 duabus
1930 4323 2021 4391 aedi·

254 4407 336 4474 culis
357 4404 571 4496 vaporariis,
607 4405 761 4475 fenestris
779 4406 946 4478 inclinatis
973 4409 1141 4490 hilaratis,
1175 4435 1321 4502 querum
1348 4416 1452 4484 altera
1473 4422 1598 4490 canalis
1628 4448 1692 4515 ope
1724 4426 1780 4504 16,
1815 4431 1923 4502 altere
1949 4434 2022 4504 for·

248 4515 341 4583 necis
352 4539 417 4605 ope
430 4515 649 4607 ttgraduum
660 4523 696 4584 a.
706 4519 856 4588 calorem
864 4510 1014 4612 praebet.
1024 4505 1220 4592 Plitnterum
1231 4527 1359 4592 veroin
1369 4526 1544 4618 frigidario
1556 4537 1870 4610 conservanderum
1882 4546 1963 4614 satio
1975 4546 2017 4612 t‘n

251 4627 338 4692 intre
347 4625 476 4693 areolas
486 4627 614 4712 ligneas
623 4631 780 4698 stercoris
789 4631 1110 4701 effervescentiesub
1118 4633 1207 4703 vitro
1217 4635 1405 4716 calefactas,
1419 4665 1536 4712 aarum
1549 4646 1714 4740 denique,
1733 4677 1821 4742 quae
1830 4653 1937 4720 libero
1949 4659 2013 4723 suh

250 4748 501 4829 ninevegetant,
511 4737 610 4802 autin
620 4739 818 4817 ollis,autin
827 4741 1050 4837 magnisareis
1060 4763 1164 4814 noctu
1176 4747 1325 4816 tabulato
1338 4753 1497 4843 tegendis,
1508 4759 1655 4826 Arbores
1680 4778 1711 4828 et
1727 4762 1860 4830 frutices
1871 4760 1907 4828 in
1915 4765 2017 4850 prbe.

251 4839 327 4918 reto
338 4847 566 4917 conamendee
582 4847 635 4916 vel
658 4865 778 4922 mutuo
795 4875 874 4922 cum
892 4855 966 4924 aliis
981 4852 1157 4927 botanicee
1168 4857 1355 4932 cultoribus
1370 4870 1578 4938 commercio
1591 4869 1792 4950 destinatae,
1815 4875 2015 4964 usquedum
2131 4897 2136 4910 ·
