4556 5514
252 755 335 809 tunc
362 733 401 806 in
437 757 658 807 communem
688 734 865 804 utilitatem
903 757 969 827 ope
997 733 1266 826 premeridum
1295 761 1317 804 a
1334 737 1498 807 societate
1518 743 1556 809 ll.
1585 743 2022 830 botanicadatisbonsnsi

253 851 419 920 editarum
450 848 504 916 vel
534 848 679 915 aliarum
701 849 916 918 novellarum
945 845 1172 921 literariarurn
1202 848 1372 938 publicari
1402 869 1549 944 possent.
1613 859 1654 921 ln
1675 882 1745 947 quo
1767 861 1862 932 viros
1882 866 2023 957 amplis.

166 949 172 964 ’
255 963 360 1030 simos
402 957 501 1028 nobis
544 959 725 1027 delaturos
765 983 805 1029 eo
843 962 955 1028 minus
981 959 1181 1039 diffitemur,
1209 961 1319 1052 'quod
1347 967 1417 1051 jam
1439 965 1770 1054 dogio-Americani
1812 974 1931 1044 similis
1971 979 2025 1048 rei

254 1063 470 1165 praeclarum
502 1068 670 1139 dederunt
698 1071 903 1163 exemplum.
969 1063 1137 1140 Monente
1167 1072 1260 1140 onim
1294 1073 1335 1141 ol.
1358 1077 1607 1162 Baesuow*)
1645 1077 1806 1146 undecim
1828 1078 1915 1150 locis
1943 1085 2027 1156 inde

194 1162 196 1170 ,
254 1188 422 1252 aMonte
451 1181 555 1273 Regio
585 1183 813 1269 (Montreal)
840 1183 877 1249 itt
906 1182 1045 1251 Canada
1075 1184 1139 1250 sub
1160 1193 1243 1267 45⁰,
1272 1190 1329 1258 35‘
1347 1187 1404 1253 lat.
1429 1187 1493 1254 sito
1525 1186 1569 1253 ad
1599 1189 1783 1257 Castellum
1818 1191 2026 1267 Clairborne

254 1294 425 1385 usquein
453 1292 626 1362 territorio
658 1294 890 1374 Alabamensi,
931 1305 1007 1379 35⁰,
1031 1303 1087 1368 50‘
1122 1295 1186 1363 sub
1209 1294 1290 1364 latit.
1317 1297 1438 1376 sitnm,
1464 1298 1652 1387 Amygdali
1684 1303 1839 1384 persicae
1874 1309 2026 1380 effloret·

255 1405 401 1475 centiam
443 1403 669 1480 observarunt
711 1421 811 1498 atque
855 1411 1089 1496 cujuscunque
1127 1402 1252 1496 giadus
1291 1406 1542 1493 dimensionem
1578 1409 1607 1480 si
1646 1434 1763 1482 versus
1795 1420 2026 1506 tequatorem

254 1539 414 1583 numeres
445 1532 593 1604 quatum
616 1517 750 1584 dierum
779 1517 887 1607 spatio
916 1519 1046 1584 florum
1071 1517 1287 1588 emissionem
1312 1522 1519 1599 accelerare,
1550 1523 1578 1589 si
1600 1545 1718 1616 versus
1739 1530 1923 1596 Arcturum
1946 1528 2026 1600 toti·

253 1627 331 1694 dem
356 1629 529 1696 retardare
550 1628 873 1721 comprobaverunt.
911 1621 1042 1714 stirpes
1063 1651 1146 1694 vero
1170 1629 1304 1718 utrique
1326 1633 1581 1727 hemisphaerio
1607 1658 1809 1706 communes
1837 1656 1895 1706 aut
1920 1638 2027 1709 cultas

251 1753 427 1824 sequentes
446 1739 539 1806 hisce
553 1729 846 1807 obseruationibus
864 1730 1070 1799 crediderim
1090 1737 1298 1825 aptissimas:
1324 1745 1470 1808 Salicem
1490 1751 1623 1825 albam,
1646 1751 1823 1830 Helicem,
1847 1754 2026 1838 Populum

244 1845 485 1936 fastigiatam,
507 1850 636 1910 atnam
659 1847 887 1932 glutinosam,
910 1845 1072 1909 Betuiom
1095 1850 1227 1922 albam,
1253 1851 1420 1934 Cotylam
1441 1860 1667 1933 Avellanam,
1695 1862 1871 1947 Quercum
1894 1867 2031 1942 notar,

253 1961 450 2023 Fraxinum
477 1958 715 2033 excelsiorem,
753 1958 942 2022 Aesonium
966 1959 1286 2041 Hippncastnnum,
1322 1964 1424 2029 Rides
1445 1971 1609 2044 rubrum,
1635 1969 1913 2052 Grasauiariam,
1934 1979 2029 2045 Acer

252 2053 456 2152 campestre,
478 2071 643 2142 rubrum,
665 2070 933 2144 sacebarinum,
949 2071 1140 2156 Negundo,
1166 2053 1326 2139 Fructum
1350 2077 1538 2155 Ceratum,
1558 2084 1753 2162 spinosam,
1782 2087 2031 2164 domesticam,

138 2245 140 2252 ‚
252 2181 407 2253 Padum,
451 2181 715 2255 Armeniacam,
760 2183 997 2266 Amygdalum
1038 2185 1228 2264 persicam,
1273 2187 1458 2254 Robiniam
1513 2189 1826 2272 Pseudoaeneinm,
1870 2197 2031 2277 menime

251 2289 475 2361 Laburrtum,
514 2291 675 2370 Spiraeas
708 2289 821 2380 plures
848 2307 879 2356 et
919 2293 1043 2366 iiiios,
1088 2315 1146 2369 ac,
1183 2290 1211 2358 si
1240 2293 1342 2373 velis,
1385 2321 1426 2364 ex
1447 2297 1636 2370 herbarum
1674 2327 1799 2396 genere
1833 2309 2031 2396 Lettcnjm

246 2420 414 2472 uernum,
453 2399 667 2464 Galanthum
711 2403 880 2478 nivalem,
915 2405 1083 2469 Bellidem
1121 2425 1326 2487 perennem,
1367 2411 1530 2476 Lamium
1565 2435 1783 2499 purpureum
1824 2433 1857 2488 et
1899 2425 2031 2507 amplas
2122 2451 2135 2466 ·

248 2511 406 2585 cinaede,
447 2511 680 2598 Solidaginem
706 2513 955 2599 Virgouream,
991 2517 1119 2579 linum
1144 2517 1420 2606 usitatissimum,
1458 2525 1617 2590 Cassiam
1645 2531 1933 2609 martianelicam,
1966 2535 2030 2603 Ge-

250 2624 359 2685 realia
387 2618 447 2686 rel.
475 2625 595 2712 Neque
619 2623 656 2688 in
684 2622 807 2690 talibus
832 2622 1128 2693 observationibus
1144 2625 1309 2696 Botanico
1338 2629 1628 2720 adquiescendum
1648 2637 1728 2716 erit,
1759 2613 2025 2714 sisobsmutsem
2068 2625 2079 2638 Ἀ

253 2755 380 2800 nexum
396 2731 484 2798 inter
501 2733 741 2822 vegetabilium
761 2735 1002 2820 phaenomena
1025 2753 1125 2823 atque
1146 2736 1227 2804 solis
1255 2737 1453 2828 tellurisque
1467 2744 1558 2812 vices
1573 2748 1713 2815 ulterius
1733 2750 1890 2820 rimetur.
1932 2754 2029 2838 Quid

256 2840 347 2907 enim
363 2846 379 2907 i
402 2865 477 2907 non
493 2840 579 2907 coeli
595 2838 857 2913 conversiones,
880 2860 952 2904 non
970 2841 1256 2910 commutationes
1272 2860 1468 2937 temporum
1489 2851 1772 2942 quadripertitae,
1796 2859 1915 2950 quales
1930 2875 2027 2930 extr!

254 2949 405 3038 tropicos
425 2948 572 3014 circulos
589 2963 686 3022 sunt,
708 2947 761 3012 vel
778 2947 970 3036 bipartitae,
1000 2951 1116 3040 quales
1142 2949 1252 3031 inire,
1284 2977 1358 3021 non
1383 2957 1579 3028 coelestium
1601 2989 1717 3034 rerum
1742 2971 1806 3036 sub
1829 2976 2025 3063 Aeque-tare

250 3055 492 3131 constantiam,
524 3053 658 3132 omnis,
682 3079 768 3145 quae
785 3057 918 3146 planeta
934 3075 1049 3127 noster
1065 3062 1176 3140 louet,
1208 3079 1276 3132 tam
1300 3065 1463 3137 animalia
1492 3096 1597 3163 quana
1619 3078 1820 3169 vegetabilis
1840 3082 1968 3153 mirum
1986 3085 2027 3154 in

232 3168 394 3236 ,modum
418 3181 609 3258 temperare
631 3183 664 3236 et
680 3183 851 3235 maturare
868 3169 1049 3238 videmusi
1084 3171 1211 3242 Nonne
1235 3177 1397 3248 materiae
1415 3185 1584 3272 quaedem
1609 3187 1698 3258 intra
1715 3211 1822 3265 certos
1841 3193 2026 3288 parallelos

251 3279 397 3349 circulos
414 3301 455 3345 ex
476 3278 643 3348 universis
661 3277 822 3369 stirpibus
841 3279 960 3348 eadem
977 3300 1080 3350 aetate
1094 3308 1135 3351 ae
1147 3284 1351 3356 simultaneo
1370 3293 1465 3380 quasi
1484 3313 1579 3365 motu
1595 3311 1810 3392 exoretae(e.
1823 3325 1854 3399 ς.
1867 3308 2026 3380 materies

249 3391 307 3458 illa
332 3388 472 3464 viridis,
496 3413 598 3478 quam
625 3413 720 3458 novo
744 3391 914 3459 vocabulo
929 3393 1219 3485 Chloropbyllum
1243 3419 1463 3490 nuncupant,
1487 3411 1618 3476 vernali
1636 3428 1791 3505 tempore
1816 3417 1899 3486 dum
1926 3433 2024 3510 prete

250 3500 422 3569 virescunt
438 3499 590 3590 etsylvaq
603 3500 835 3578 frondescunt,
846 3500 899 3568 vel
912 3503 1050 3590 pollinis
1063 3505 1243 3575 masculini
1258 3506 1379 3600 ingens
1393 3511 1454 3590 vis,
1468 3539 1571 3604 quam
1586 3539 1702 3612 postes
1719 3525 1822 3596 flores
1839 3544 2024 3623 generant,

247 3615 300 3679 uel
310 3612 457 3701 denique
470 3609 723 3703 hydrogenium
734 3620 939 3680 elementum
950 3615 1012 3681 sub
1026 3615 1197 3686 fructuum
1211 3621 1434 3691 maturatione
1445 3637 1611 3715 enatum),
1622 3635 1802 3715 occultam,
1813 3661 1900 3734 quae
1911 3643 2026 3738 stirpi*

248 3721 311 3790 bus
326 3747 403 3791 cum
424 3724 625 3813 corporibus
642 3722 840 3791 coelestibus
861 3721 1037 3793 intercedit
1058 3729 1290 3799 necessitatem
1313 3733 1571 3809 demonstranti
1593 3749 1686 3816 Haec
1705 3773 1828 3843 magna
1843 3778 1924 3822 sane
1945 3765 2024 3826 sunt

247 3851 346 3922 atque
368 3859 408 3901 eo
436 3831 798 3926 magisadmirabilia,
819 3836 1144 3929 quod·eempiterno
1162 3859 1257 3909 motu
1275 3848 1460 3934 quotannis
1482 3853 1645 3936 redeant,
1677 3877 1777 3952 etqua
1802 3863 2021 3958 dignissime,

247 3945 283 4010 in
312 3968 399 4034 quae
415 3945 567 4012 Botanici
589 3963 619 4012 et
643 3945 927 4014 observationum
944 3971 1090 4017 acumen
1115 3968 1146 4020 et
1171 3953 1299 4044 ingenii
1318 3957 1585 4048 profunditatem
1604 3969 1789 4041 intendam,
1834 3977 1909 4044 pari
1937 3993 2021 4047 vm

248 4055 408 4144 dignitate
424 4056 488 4122 sibi
507 4073 538 4123 et
552 4056 744 4146 plantarum
762 4057 895 4146 vigiliae
909 4060 1114 4154 somniaque
1135 4080 1167 4131 et
1183 4065 1269 4134 lucis
1288 4068 1442 4151 emissio,
1467 4099 1568 4165 quam
1588 4082 1949 4173 phosphorescentiam
1969 4087 2023 4154 diu

247 4181 346 4241 cunt,
368 4182 400 4233 et
414 4164 635 4233 electricitatis
655 4183 686 4234 et
703 4169 916 4259 magnetismi
932 4169 1187 4260 phastiomena,
1211 4195 1243 4276 et
1257 4177 1463 4252 irritabilitas
1479 4189 1628 4280 partium
1652 4211 1683 4260 et
1699 4195 1852 4266 internae
1870 4196 2019 4267 fabricae
2053 4212 2055 4218 ’

247 4272 283 4341 in
298 4273 502 4345 absconditis
517 4278 668 4367 partibus
685 4279 832 4346 evolutio
848 4297 947 4372 atque
962 4281 1168 4352 incrementa
1189 4290 1243 4372 (e.
1258 4315 1290 4381 g.
1310 4294 1538 4383 embryonutu
1558 4300 1672 4390 vices)
1696 4307 1935 4377 Botenicorum
1952 4326 2024 4378 stus

249 4384 345 4453 dium
364 4393 614 4480 hortorumque
633 4385 877 4458 bofinionrum
894 4391 1059 4461 auxilium
1075 4393 1140 4463 sibi
1155 4397 1314 4489 flagitant.

369 4559 489 4645 Neque
510 4569 624 4622 tamen
646 4557 699 4623 his
722 4557 961 4658 solummodo,
983 4585 1071 4651 quae
1093 4561 1227 4634 summe
1249 4565 1407 4642 scientiae
1427 4579 1517 4646 bona
1538 4576 1653 4650 dicere
1674 4607 1868 4676 possemus,
1882 4607 1925 4667 ,ut
1938 4587 2018 4654 bor·

243 4673 296 4726 tus
319 4667 605 4751 opportunitatem
629 4668 859 4738 subministret
878 4695 1013 4741 necesse
1035 4691 1102 4762 est3
1132 4667 1214 4748 nani
1236 4705 1295 4749 cao
1320 4707 1458 4776 quoque
1475 4707 1561 4760 artes
1584 4691 1714 4764 ibidem
1743 4699 1851 4768 excoli
1874 4696 2015 4778 debent,

242 4807 667 4832 Ἣ

281 4887 301 4953 'l
319 4893 442 4942 brosson
460 4909 494 4943 on
513 4895 554 4945 the
573 4899 735 4962 comparative
754 4901 913 4955 tamtam
933 4907 962 4957 ol
977 4907 1020 4958 tlte
1034 4909 1128 4977 spring
1146 4911 1172 4960 in
1192 4911 1307 4966 uiseret
1321 4927 1388 4982 parts
1408 4919 1437 4969 oi
1451 4913 1492 4970 tire
1504 4917 1594 4974 tutus
1610 4923 1694 4986 Sutor,
1709 4926 1734 4974 in
1749 4929 1825 4990 teta,
1845 4927 1872 4976 in
1888 4927 2015 4981 Stantem

355 4993 476 5058 americus
495 4993 584 5046 Journ-
602 4995 623 5046 Ι.
641 5013 668 5064 p.
689 4992 731 5048 τῦ.

1324 5084 1385 5150 ⁴·
