4556 5514
865 531 1449 611 --at--

278 769 397 888 VII.
437 771 800 892 Botanic‘es
863 807 942 877 ex
988 765 1191 882 horto
1248 767 1549 902 fructus,
1588 799 1643 904 ct
1680 769 2038 934 desideria.

277 1103 497 1281 Caeterum
519 1203 641 1296 triplex
663 1203 757 1270 horti
780 1202 870 1270 notri
894 1203 953 1272 lex‘
970 1221 1019 1272 est
1040 1220 1140 1297 atque
1161 1207 1332 1286 conditio,
1362 1207 1532 1301 primum,
1563 1229 1600 1280 ut
1622 1216 1693 1299 eiua
1715 1213 1969 1305 opportunitate
1992 1222 2044 1290 usi

274 1340 307 1392 ot
335 1320 530 1390 Academici
571 1335 603 1385 et
633 1317 828 1409 quicunque
862 1313 1022 1385 historiae
1061 1317 1224 1386 naturalis
1254 1320 1373 1387 studiis
1405 1345 1475 1388 sese
1512 1322 1669 1392 dederint
1712 1326 1754 1392 de
1785 1328 1945 1416 augenda
1970 1333 2043 1420 ipsa

271 1423 443 1505 botanica'
473 1447 639 1518 satagant,
676 1446 747 1495 tum
784 1441 820 1492 ut
851 1425 978 1494 civium
1011 1429 1197 1497 eruditioni
1227 1428 1407 1512 inserviet,
1443 1425 1653 1526 deniqueut
1685 1438 1756 1528 egri
1787 1438 2040 1532 hortorumque

271 1549 422 1618 culturae
446 1541 620 1611 scientiam
645 1557 676 1608 et
698 1539 855 1630 exemplo
880 1556 912 1607 et
935 1539 1089 1606 doctrine
1114 1559 1212 1608 ornet
1241 1540 1340 1634 atque
1369 1546 1562 1638 amplificet.
1639 1551 1735 1634 Quae
1770 1573 1851 1616 vero
1877 1551 1913 1616 iu
1938 1553 2040 1620 horto
2139 1569 2141 1576 ’

196 1653 197 1656 “
270 1662 314 1728 ad
336 1653 574 1751 promovende
597 1651 773 1719 Botanices
805 1651 913 1718 studia
936 1650 1056 1718 collate
1087 1651 1172 1728 sint,
1214 1650 1291 1716 orbi
1320 1655 1472 1724 liter-erio
1493 1657 1607 1742 'variis
1650 1657 1785 1748 scriptis
1816 1661 2041 1743 demandata,

269 1795 325 1839 me
348 1768 487 1861 quidem
511 1767 566 1834 hic
589 1765 718 1844 referre
740 1786 809 1829 non
832 1763 945 1834 decen·
976 1761 1012 1823 ld
1035 1762 1147 1823 tolum
1170 1776 1321 1848 repetere
1343 1759 1393 1825 fas
1417 1775 1480 1834 0³²,
1505 1765 1769 1844 messanensium
1794 1771 1829 1835 in
1853 1773 2036 1841 amabilem

267 1882 444 1951 scientiam
468 1901 622 1947 amorem
646 1899 686 1940 eo
710 1869 855 1936 multum
878 1891 1062 1938 accensum
1084 1867 1187 1936 luisse
1207 1869 1292 1936 etin
1315 1869 1386 1936 dies
1409 1870 1537 1962 augeri.
1560 1871 1593 1938 si
1610 1891 1722 1956 autem
1741 1883 1782 1948 de
1798 1881 2040 1970 amplificanda

264 1993 339 2085 ipsa
361 1993 498 2062 scientia
520 1987 631 2076 agitur
653 2005 694 2050 ex
716 2003 919 2071 quocunque
941 1980 1043 2047 horto
1067 1978 1228 2048 botanico
1252 1981 1380 2048 fructus
1412 1981 1538 2073 duplici
1569 1984 1676 2052 modo
1700 1988 1939 2079 percipiendos
1969 2017 2038 2062 esse

265 2107 303 2170 in
325 2119 461 2194 promtu
485 2116 549 2180 est;
571 2093 724 2186 primum
748 2093 840 2158 enim
862 2091 1056 2168 variarum,
1079 2115 1162 2179 quas
1186 2091 1261 2170 alite
1292 2094 1485 2182 plantarum
1510 2096 1577 2162 lor
1591 2121 1679 2162 mas
1701 2098 1855 2164 botanici
1879 2104 1986 2172 oculis
2009 2123 2040 2175 ee

262 2211 422 2305 ingenio,
461 2228 534 2278 tum
557 2231 638 2274 vero
662 2205 849 2272 secundum
873 2207 943 2289 ejus
966 2201 1002 2266 in
1023 2217 1114 2268 tetra
1136 2200 1238 2268 situm
1261 2219 1293 2270 et
1314 2203 1430 2294 quoad
1453 2203 1686 2302 diversarum,
1714 2209 1858 2296 quaein
1881 2217 2038 2306 stirpium

262 2339 470 2420 proventum
481 2321 551 2387 vim
565 2317 701 2391 habent,
711 2330 927 2380 externarum
941 2335 1057 2379 rerum
1067 2312 1228 2390 rationes,
1239 2339 1259 2379 v
1270 2331 1363 2404 eget
1373 2317 1434 2382 ati
1448 2341 1468 2383 o
1480 2341 1502 2382 n
1512 2317 1546 2383 ia
1572 2320 1715 2407 phaen
1728 2343 1749 2384 o
1760 2345 1792 2384 m
1804 2345 1820 2385 e
1830 2307 1900 2398 na,
1924 2330 2037 2413 qualia

263 2452 352 2504 certa
383 2429 547 2524 temporis
583 2429 646 2493 sub
676 2427 751 2518 lege
781 2442 880 2514 atque
912 2422 1125 2490 successione
1163 2449 1234 2493 sese
1263 2424 1449 2516 excipiunt,
1488 2427 1631 2496 exhibet
1699 2432 2036 2528 Quodsi'quisquarn

260 2543 297 2612 in
333 2545 626 2634 orbe-terrarum
676 2537 796 2604 hortus
837 2531 1015 2601 botanicus
1055 2532 1103 2599 ita
1144 2559 1215 2603 esse
1263 2554 1379 2628 posset
1416 2555 1655 2629 comparatus.
1700 2557 1738 2606 ut
1776 2566 1895 2612 omues
1940 2549 2047 2638 globi.

260 2653 428 2748 terraquei
461 2653 721 2740 nostri-stirpes
750 2641 787 2712 in
815 2644 965 2736 propriis
1000 2645 1235 2730 diversorum,
1255 2647 1416 2716 locorum
1438 2647 1591 2753 ”ipsisque
1621 2675 1640 2716 a
1672 2654 1833 2721 Creatoro
1865 2658 2036 2729 destinatis

255 2767 344 2838 vitae
362 2762 616 2834 conditionibus
628 2761 808 2829 collocatas
826 2757 1599 2850 consprehenderet,omniratiouepraesterst,
1614 2763 1707 2852 quod
1726 2767 1901 2856 propylaei
1920 2771 2035 2841 innuit

255 2871 800 2970 inscriptio*),essehortum
819 2867 1075 2935 botanicum
1098 2865 1227 2958 quasi
1247 2869 1388 2936 totius
1412 2872 1533 2962 regni
1558 2873 1782 2964 vegetabis
1804 2883 2034 2971 exemplar

256 2991 302 3056 iu
325 3012 408 3055 uno
432 2980 766 3071 terraeangulo
792 2977 992 3047 collecti.
1044 2983 1155 3066 Hujus
1178 2995 1293 3048 tamen
1310 2980 1359 3046 rei
1383 2979 1581 3047 efficiendae
1601 2984 1695 3062 nulla
1724 3004 1772 3052 est
1804 2989 1913 3065 ratio,
1951 3017 2032 3060 nam
2122 3038 2125 3044 ,

258 3109 389 3192 plantas
410 3115 498 3166 certa
516 3096 578 3164 sub
598 3095 689 3187 lege.
710 3089 788 3158 licet
804 3087 905 3157 uobis
924 3090 1099 3180 hucusque
1116 3091 1334 3164 abscondita.
1349 3115 1465 3182 -auper
1481 3091 1603 3156 orbem
1620 3107 1789 3166 terrarum
1805 3097 1949 3186 genitrix
1965 3089 2032 3170 Na.

258 3226 335 3280 tura
350 3205 591 3283 disseminavit,
609 3204 655 3283 ita
673 3218 716 3269 ut
738 3201 1171 3296 organicoquodam
1193 3200 1324 3266 modo
1347 3223 1393 3268 ac
1414 3223 1523 3268 nexu
1547 3225 1641 3270 cum
1664 3205 1828 3274 tellure
1850 3208 1945 3300 ipsa
1969 3237 2033 3282 co.

259 3321 445 3400 haerere
466 3315 1066 3414 etqueuniversaeplanetee
1083 3308 1368 3380 nostrivitae
1390 3311 1635 3402 participes
1658 3338 1751 3384 esse
1773 3319 2030 3401 videantur,

258 3457 360 3526 quam
401 3433 448 3500 ob
483 3453 619 3520 causam
650 3423 687 3492 in
730 3425 833 3492 horto
863 3425 917 3496 vel
950 3425 1180 3494 remotissimo
1216 3445 1237 3489 a
1273 3421 1380 3513 patria
1415 3423 1580 3490 formas
1612 3426 1753 3517 quidem
1785 3427 1867 3522 ipsis
1901 3433 2030 3503 innatas

255 3565 339 3613 neo
363 3562 476 3610 tamen
499 3535 775 3630 reliquaavitae
797 3533 999 3604 vic‘esnec
1021 3537 1161 3613 eodem,
1191 3532 1313 3623 quoin
1337 3532 1447 3622 patria
1470 3527 1596 3636 solent3
1641 3537 1785 3616 ordine,
1816 3567 1879 3612 nec
1908 3545 2028 3613 eedem
2140 3589 2149 3596 ,

257 3652 293 3724 vi
304 3678 347 3722 as
363 3653 565 3746 praestantia
583 3650 743 3720 exhibere
753 3663 907 3741 possunt.
950 3649 1029 3735 Quo
1047 3651 1256 3722 factumest,
1278 3662 1315 3711 ut
1327 3644 1477 3712 botanioi
1503 3646 1682 3714 hortorum
1708 3651 1821 3718 studio
1846 3653 1950 3720 dediti
1968 3679 2030 3746 po-

254 3765 321 3835 tina
340 3766 376 3834 in
391 3764 625 3838 examinandis
647 3761 770 3832 formis
789 3759 1005 3852 plantarum,
1027 3782 1131 3849 quam
1149 3757 1350 3848 inungendo
1371 3759 1413 3825 de
1428 3756 1494 3824 uite
1521 3780 1639 3824 earum
1657 3761 1792 3829 scientia
1815 3787 1840 3829 s.
1858 3760 1900 3830 de
1925 3767 2028 3854 Phy-

256 3875 456 3970 eiologia
478 3876 691 3949 desudarent.
732 3877 854 3962 Neque
881 3893 1053 3938 summam
1074 3893 1116 3938 ex
1139 3869 1204 3936 hae
1238 3867 1430 3938 studiorum
1463 3868 1597 3936 ratione
1631 3870 1821 3940 redundare
1848 3875 2052 3946 utilitatem¹

255 3987 387 4060 infici„
407 3991 493 4072 ibit,
523 3979 719 4084 quicunque
741 3997 932 4076 cognoscat,
955 4000 1082 4074 quanto
1104 3982 1209 4050 hodie
1230 3979 1458 4072 indagationis
1475 3981 1631 4048 acumine
1647 3999 1838 4074 quantaque
1859 3985 2026 4058 industria

253 4105 308 4174 vel
330 4105 367 4171 in
389 4128 443 4172 res
464 4127 568 4196 quam
591 4097 739 4168 maxime
761 4093 977 4162 absconditas
998 4111 1230 4186 attenta‘opus
1253 4093 1315 4171 sit,
1359 4115 1428 4182 quo
1457 4091 1562 4158 finem
1580 4109 1867 4184 atquesummum
1890 4099 2022 4170 bonum

258 4215 395 4286 olentiae
413 4237 676 4304 consequamur.
719 4211 797 4276 Hoc
832 4205 979 4273 enimin
994 4229 1075 4273 vera
1095 4207 1137 4274 tle
1161 4204 1373 4274 diversarum
1391 4203 1581 4294 plantarum
1606 4206 1769 4296 organico
1797 4233 1886 4277 nexu
1909 4214 2024 4304 cogni·

255 4325 349 4397 tione
371 4327 519 4422 positum
538 4349 607 4393 esse
622 4321 846 4399 arbitremur,
870 4341 957 4412 quae
980 4315 1193 4409 singularum
1214 4315 1366 4411 partibus
1388 4315 1476 4385 bene
1490 4317 1670 4407 exploratis
1693 4319 1857 4395 innitens,
1893 4339 1924 4388 et
1943 4346 2024 4410 pro·

254 4436 381 4506 habilia
410 4440 484 4532 lege
505 4429 879 4526 Morphologiae,
907 4453 1011 4521 quam
1035 4427 1201 4506 dicimus,
1234 4451 1396 4519 sequena,
1426 4427 1455 4495 si
1476 4429 1623 4520 perfecta
1646 4427 1765 4530 suerit,
1795 4431 1896 4498 totius
1925 4431 2021 4517 regni

254 4549 449 4644 vegetabilis
478 4547 682 4640 imaginem,
721 4565 795 4612 nou
824 4541 937 4612 solum
966 4539 1154 4610 secundum
1188 4539 1317 4608 leemas
1352 4539 1412 4612 sed
1442 4537 1543 4608 etiam
1571 4538 1760 4610 secundum
1790 4541 1898 4616 viret,
1928 4539 2015 4610 vices

240 4725 679 4762 ‘W
703 4733 710 4750 a

199 4897 207 4906 ·
289 4885 316 4952 't
358 4905 363 4912 ·
497 4887 641 4939 aeonum
675 4883 853 4938 oenones
889 4879 1053 4932 munis
1090 4867 1222 4932 sensas
1259 4877 1412 4932 ntsstms

415 5013 624 5066 namnum
658 5011 729 5065 ros.
764 5013 795 5061 n.
832 5007 962 5060 noento
998 5005 1231 5060 consocietas
1267 5007 1439 5060 nocccxu.
