4556 5514
855 575 1433 660 .....9.........

272 829 351 876 rum
374 799 601 872 diversitatem
626 795 911 888 perscrutantium
934 795 1040 865 oculis
1060 794 1257 885 subjiciens,
1280 793 1568 886 frequentantium
1590 805 1759 889 majorem
1781 827 1965 876 numerum
1987 809 2032 878 sl*
2071 826 2077 836 ·

268 919 403 991 liceret,
424 913 578 978 levorem
597 907 635 974 in
655 908 726 976 dies
750 907 857 1000 magis
873 907 937 974 sibi
957 906 1166 985 conciliaret,
1179 907 1335 999 interque
1351 911 1716 980 Monacensesrnirum
1734 915 1771 981 in
1788 918 1932 985 modum
1951 945 2035 988 con.

268 1029 383 1096 citaret
401 1022 450 1090 rei
467 1019 648 1089 herbariae
663 1017 788 1112 op'erae
809 1017 986 1085 navandae
1001 1017 1163 1096 studium,
1186 1019 1293 1112 quod,
1316 1035 1431 1110 aperta
1455 1019 1577 1087 eodem
1601 1043 1692 1086 anno
1710 1029 1885 1096 botanices
1901 1031 2031 1108 ecbola,

268 1133 411 1206 erariis
440 1131 619 1201 ordinibus
649 1127 865 1222 disciplinam
893 1129 1088 1198 sectantium
1114 1130 1296 1198 multitudo
1323 1129 1572 1222 comprobavit.
1624 1135 1725 1198 Anno
1752 1121 1948 1224 insequente
1970 1141 2034 1208 iter

266 1247 367 1316 nobis
386 1242 495 1315 evenit
512 1268 590 1311 curn
607 1245 746 1319 Srrxro,
768 1240 899 1331 collega
917 1239 1144 1317 amicissimo,
1171 1239 1207 1307 in
1224 1239 1400 1309 Brasilianr
1421 1239 1694 1332 suscipiendum,
1718 1248 1811 1329 cujus
1829 1253 2032 1336 opportuni·

265 1377 331 1427 tate
349 1357 401 1424 nsi
419 1376 489 1426 tam
515 1354 645 1424 semina
670 1349 868 1442 complura,
891 1373 994 1440 quam
1022 1351 1153 1440 plantas
1174 1353 1357 1420 nonnullas
1383 1350 1477 1420 vivae
1501 1349 1538 1417 in
1558 1355 1696 1443 Europa
1723 1355 1859 1422 australi
1878 1359 2035 1430 brasilia-

267 1495 332 1564 que
357 1469 513 1539 collectas
537 1462 802 1533 introduximus.
853 1459 1030 1529 seminum
1062 1462 1217 1552 quidem,
1248 1488 1397 1554 quornm
1424 1463 1512 1530 ultre
1534 1467 1681 1531 llllllllDC
1705 1465 1859 1534 misimus
1889 1470 2034 1561 species,

265 1582 415 1676 plurima
438 1603 531 1670 spem
558 1595 710 1646 nostram
734 1572 1004 1640 fefellerunoaur
1021 1569 1058 1635 in
1079 1571 1271 1664 longinquo
1290 1575 1411 1642 itinere
1433 1568 1609 1650 emortua,
1631 1594 1691 1642 aut
1710 1577 1787 1646 licet
1805 1597 1914 1648 terrae
1936 1605 2033 1652 com·

245 1678 367 1760 'missa
391 1693 520 1783 primas
556 1688 725 1756 radiculae
756 1691 954 1766 promerent
998 1697 1116 1766 postea
1146 1701 1261 1753 tamen
1299 1687 1412 1754 subito
1440 1687 1706 1777 languescentis,
1744 1704 1777 1754 at
1811 1691 2029 1764 nihilosecius

265 1803 386 1869 multas
408 1801 537 1890 plantae
559 1811 683 1878 easque
707 1785 915 1862 rarissimas,
952 1785 996 1853 ud
1021 1805 1179 1853 mutuum
1202 1789 1387 1856 hortorum
1410 1799 1657 1890 commercium
1683 1815 1777 1890 eptas
1803 1804 2031 1876 educavimus.

259 1916 320 1982 His
348 1907 526 1980 omnibus,
549 1925 635 1992 quos
659 1895 907 1971 recensuimus,
934 1895 1156 1984 proventibus
1180 1897 1306 1966 factum
1331 1917 1395 1978 est,
1418 1916 1456 1968 nt
1472 1901 1592 1969 hortus
1610 1922 1725 1971 noster
1746 1908 1874 1977 sensim
1893 1894 2033 1982 sensim.

264 2046 330 2114 que
353 2017 527 2086 indecem
554 2017 596 2078 M
616 2009 809 2102 specierum
835 2029 941 2093 usque
967 2022 1163 2095 augeretur,
1186 2035 1332 2098 quarum
1356 2035 1374 2079 e
1398 2037 1545 2080 numero
1573 2012 1727 2079 CPerill.
1746 2015 1969 2092 desererer
1994 2028 2031 2094 in

262 2153 382 2226 operer
405 2125 588 2193 Plantae
625 2121 815 2187 rariores
843 2116 962 2182 horti
1001 2119 1288 2185 Monacensis
1316 2121 1454 2208 dicto*)
1478 2123 1607 2213 publici
1632 2122 1716 2210 juris
1739 2125 1833 2205 fecit,
1867 2130 1950 2200 alias
1976 2137 2033 2205 de.

260 2241 365 2334 nique
388 2261 452 2304 nos
475 2235 558 2328 ipsi,
582 2231 647 2300 diis
670 2229 875 2307 laventibus,
899 2227 1118 2298 delineandas
1144 2228 1450 2328 describendosque
1478 2233 1688 2302 curabimus.

389 2573 482 2638 Haec
512 2585 607 2644 sunt,
640 2592 726 2658 quae
757 2567 798 2635 de
831 2567 921 2635 horti
951 2569 1059 2635 nostri
1088 2568 1229 2634 historia
1260 2569 1410 2638 breviter
1438 2571 1629 2639 enarranda
1657 2573 1875 2650 videbantur,
1908 2582 2035 2667 quibu.

264 2682 511 2750 demonstrasse
527 2679 688 2756 velimus,
710 2703 773 2746 noe
791 2703 864 2748 non
882 2677 1038 2771 gloriari,
1061 2676 1089 2746 si
1110 2676 1206 2746 factis
1222 2677 1396 2764 hucusque
1412 2674 1538 2743 sumini
1550 2676 1733 2764 Regiminis
1756 2681 1846 2747 curie
1859 2688 2031 2780 Regioque

260 2793 297 2860 in
319 2792 507 2859 institutum
530 2813 616 2880 opus
639 2790 756 2856 animo
780 2813 984 2877 responsum
1001 2786 1102 2852 luisse
1117 2781 1439 2872 praedicaverimus
1482 2786 1650 2870 Magnam
1673 2809 1753 2855 sane
1773 2797 1939 2878 pecuniae
1959 2802 2031 2869 vim
2055 2881 2058 2886 1

261 2903 453 2992 impensam
475 2925 545 2966 esse
568 2923 670 2963 nemo
696 2896 893 2969 mirabitur,
919 2894 986 2978 'qni
1009 2891 1132 2976 quibus
1155 2901 1304 2975 quotque
1326 2884 1577 2958 difficultatibus
1602 2897 1738 2962 occurri
1762 2901 1931 2974 debuisset
1952 2933 2031 3003 cog.

257 3025 422 3068 πωπω.
470 3005 592 3064 Primis
621 3021 697 3083 post
718 3027 792 3070 rem
816 2997 990 3068 conditam
1014 2995 1112 3062 annis
1137 2995 1185 3062 nil
1208 3008 1317 3062 certae
1339 2997 1505 3118 pecuniae
1535 3024 1599 3092 pro
1623 3005 1894 3082 administrando
1925 3019 2027 3090 horto

260 3109 476 3178 constitutum
502 3121 568 3188 est3
600 3121 838 3194 pensavero,
868 3131 975 3196 quurn
999 3130 1084 3196 quae
1107 3103 1170 3170 sibi
1193 3127 1380 3172 necessaria
1394 3107 1590 3180 viderentur
1610 3113 1644 3182 b.
1659 3116 1701 3184 de
1720 3122 1855 3190 Soranus
1884 3127 2028 3200 interro·

260 3237 375 3310 gatus,
391 3216 542 3308 quinque
564 3217 778 3284 florenorum
805 3216 910 3284 millia
933 3235 964 3283 et
987 3217 1188 3306 quingentos
1212 3215 1394 3307 quotannis
1416 3219 1601 3294 intuendo
1629 3231 1856 3324 augendoque
1870 3241 2027 3308 consumi
2067 3303 2072 3316 ,

259 3331 384 3428 debere
405 3327 648 3404 renuntiasset,
678 3327 733 3394 die
754 3331 858 3393 XXX.
874 3327 961 3418 lunii
984 3327 1223 3392 MDCCCXIX
1245 3327 1308 3396 hae
1330 3331 1495 3417 pecuniae
1518 3335 1700 3406 destinatae
1722 3360 1814 3419 sunt,
1839 3369 1941 3434 quam
1955 3351 2027 3440 qui.

262 3442 340 3510 dern
353 3435 714 3528 prevariisltortorum
726 3437 876 3504 culturae
890 3430 1018 3522 inagro
1031 3433 1235 3502 Monacensi
1253 3435 1716 3516 obstaculissummamhaud
1726 3450 1869 3520 nimiam
1886 3457 2029 3550 quisque
2084 3491 2093 3504 ,

260 3536 435 3638 judicabit.
477 3552 598 3635 Nuper
629 3543 788 3632 quidem,
810 3542 1003 3610 necessitate
1034 3561 1190 3634 urgente,
1223 3545 1388 3634 pecuniae
1418 3549 1582 3644 impensis
1615 3555 1796 3628 destinatae
1826 3585 1905 3654 pars
1933 3568 2026 3640 baud

257 3660 339 3730 levis
362 3660 523 3747 derogata
546 3671 611 3732 est,
634 3679 736 3744 qnam
759 3671 874 3721 tamen
896 3651 1179 3732 diminutionem,
1202 3679 1245 3723 ne
1267 3660 1377 3744 majus
1400 3659 1481 3734 inde
1502 3665 1621 3738 hortus
1644 3687 1759 3741 noster
1781 3673 2024 3754 detrimentum

258 3771 383 3864 capiat,
407 3792 593 3863 perennem
616 3789 689 3834 non
711 3765 786 3834 iore
807 3764 929 3857 Regiae
949 3763 1141 3836 liberalitati
1164 3766 1384 3858 confidimus,

380 4104 442 4171 His
453 4103 495 4171 de
510 4101 603 4196 horti
618 4100 760 4168 historia
777 4099 907 4169 traditis
927 4101 971 4170 ad
988 4099 1250 4172 describendum
1266 4127 1360 4186 eum,
1377 4110 1486 4200 qualia
1499 4113 1569 4182 boc
1580 4115 1654 4205 ipso
1671 4132 1826 4212 tempore
1844 4144 2021 4214 eompara-

257 4213 382 4292 tussit‚
412 4236 467 4281 me
491 4229 675 4290 converto,
709 4211 831 4278 additis
852 4213 954 4280 simul
980 4214 1157 4281 nonnullis
1184 4216 1226 4283 de
1249 4217 1380 4285 cultura
1410 4223 1726 4318 observationibus,
1764 4254 1849 4320 qnae
1880 4235 2021 4322 quidem

256 4350 363 4418 quum
383 4322 492 4401 aeris,
524 4349 631 4415 aquae
653 4341 831 4414 terraeque
847 4323 964 4391 indole
988 4323 1170 4401 innitatur,
1186 4349 1292 4414 peuce
1311 4328 1354 4397 de
1374 4331 1448 4421 agri
1471 4338 1690 4432 Monacensis
1715 4356 1835 4409 natura
1863 4367 2022 4436 praemo-

255 4438 366 4504 nenda
386 4435 456 4504 visa
468 4453 562 4511 sunt,
578 4433 743 4502 addendis
756 4449 835 4498 tunc
853 4437 869 4518 (
879 4449 930 4512 nt,
943 4433 1063 4524 qualia
1080 4434 1122 4501 de
1138 4436 1270 4504 cultura
1281 4458 1415 4532 agentes
1439 4445 1606 4516 Palladius
1623 4455 1778 4536 (bt->et
1797 4455 1905 4524 Varro
1918 4465 2021 4543 (l.5.)

257 4545 481 4626 distinxerunt
489 4561 635 4634 quatuor
650 4538 777 4635 capiis,
792 4551 999 4633 sequamur)
1019 4543 1056 4612 in
1076 4544 1143 4615 line
1162 4547 1317 4640 pauculis
1331 4551 1373 4624 de
1389 4552 1482 4624 borti
1496 4554 1660 4630 industria
1674 4577 1773 4654 atque
1789 4565 1975 4661 disciplina
2006 4571 2013 4590 2

250 4779 675 4800 w

288 4943 311 5011 ⁵)
328 4950 424 5000 Plantae
442 4951 545 4998 rariores
564 4947 630 4998 berti
648 4947 803 4996 Monacensis
823 4951 970 5016 descriptae,
990 4963 1013 5003 et
1031 4953 1239 5006 observationibus
1258 4933 1386 5010 illirstrstae
1405 4979 1419 5010 s
1436 4965 1522 5014 franc.
1542 4967 1572 5014 de
1588 4965 1659 5013 l'suls
1679 4967 1708 5013 de
1723 4965 1852 5020 senuna.
1890 4975 2015 5029 lilonaeltii

330 5065 335 5078 ·
382 5055 458 5112 tusc.
475 5049 508 5097 ll.
527 5049 624 5099 vntum
662 5049 717 5102 tot.
736 5051 854 5100 German.
869 5061 894 5099 et
910 5051 996 5100 latins.

1324 5143 1350 5204 2
