4556 5514
173 741 175 750 v
284 697 479 792 tanophilus
500 692 738 770 Monacensis,
762 692 819 760 CC
841 689 935 757 varia
958 713 998 758 err
1020 691 1120 754 horto
1143 687 1282 756 Halensi
1303 687 1343 756 cl.
1354 691 1548 766 Srunnoaa,
1562 691 1648 758 CCC
1661 693 1849 771 ‘caucasiem
1872 696 2040 768 davuriee

283 828 316 878 et
336 811 515 878 ruthenico
537 813 576 877 cl.
597 812 727 876 Ptousa
747 802 922 871 Gorenlsio
945 797 1121 875 miserant,
1154 803 1238 866 CCC
1259 824 1279 864 a
1297 798 1395 866 nobis
1418 801 1498 891 ipsis
1522 827 1563 868 ex
1585 803 1687 894 hortp
1712 806 1924 898 Erlangensi,
1946 817 2043 897 cujus

197 975 199 980 .
284 923 476 1011 catalogum
506 915 803 1012 praeparavimus·
833 907 1087 976 communionis
1109 910 1246 986 babuit,
1273 934 1391 1000 parem
1420 937 1602 994 numerum
1625 915 1837 982 Laudishuto
1869 921 2042 1004 attuleram

283 1057 395 1122 neque
418 1032 596 1103 desumat
619 1018 678 1108 qui
705 1016 828 1108 plantis
856 1016 942 1084 vivis
963 1017 1221 1088 introducendis
1252 1045 1394 1112 operam
1416 1039 1598 1090 navarent:
1628 1048 1698 1092 rev.
1720 1029 1898 1104 Scanatus,
1930 1031 2047 1114 Benel,

281 1130 581 1210 Rosenhemensis,
611 1129 652 1195 cl.
668 1134 800 1207 Vorru,
823 1152 939 1196 rerum
962 1130 1272 1217 metallurgicarum
1295 1135 1375 1224 Regi
1398 1159 1416 1200 a
1439 1135 1605 1210 consiliis,
1629 1136 1818 1213 oblinitus,
1842 1141 2046 1219 Geometra,

281 1254 321 1320 L.
342 1253 380 1314 tt.
398 1245 440 1314 de
458 1245 875 1318 Lacetanorum-Arrana,
904 1240 1042 1307 b.L.'B.
1063 1243 1242 1309 Gsoacaus
1264 1268 1310 1309 na
1331 1248 1511 1322 Sranocu,
1534 1248 1565 1312 b.
1581 1249 1718 1325 Diinas,
1740 1249 1773 1314 b.
1796 1253 1931 1325 Rauca,
1962 1250 2045 1318 bor.

280 1362 416 1430 tulenus
446 1351 689 1428 Monacensis,
721 1377 807 1440 quos
837 1374 957 1418 omnes
989 1367 1084 1440 grato
1116 1351 1233 1418 animo
1266 1377 1539 1424 commemorare
1568 1358 1672 1426 decet.
1694 1359 1846 1428 'Eodem
1875 1376 2043 1449 ternpore,

279 1495 389 1564 quum
411 1469 531 1533 hortus
555 1462 698 1530 Comitis
721 1465 763 1531 de
783 1468 989 1530 Saccasena
1012 1461 1214 1532 Ratisbonae
1235 1489 1255 1529 a
1276 1469 1365 1554 Rege
1391 1484 1574 1544 emeretur,
1598 1474 1668 1557 ejus
1690 1469 1824 1560 plantae
1848 1473 2042 1561 complures
2145 1497 2155 1502 ·

282 1581 432 1653 rariores
454 1578 490 1644 in
513 1593 669 1658 nostrum
698 1574 953 1650 deferebantur,
983 1589 1083 1662 atque
1111 1572 1191 1662 quia
1213 1597 1374 1659 maguam
1404 1577 1626 1650 colendarum
1659 1581 1816 1671 stirpium
1847 1581 2043 1671 alpinarum

281 1687 570 1783 opportunitatem
602 1702 757 1753 nostrum
788 1684 993 1752 viridarium
1020 1681 1143 1749 afferre
1173 1681 1367 1750 videbatur,
1407 1687 1448 1740 ct.
1475 1693 1607 1768 Ham,
1642 1717 1704 1782 pe,
1734 1709 1810 1758 octo
1840 1697 1909 1776 jam
1938 1694 2043 1760 lustra

248 1882 250 1886 ι
279 1806 372 1893 alpes
400 1799 535 1868 noricas
562 1797 799 1888 vegetabilium
820 1796 926 1880 gratia
951 1788 1176 1872 Perlsssslfmll·
1206 1801 1242 1880 ut
1264 1782 1445 1872 qUOlfflsslS
1471 1786 1623 1868 rariores.
1645 1802 1725 1864 lude
1752 1802 1882 1868 mittere
1910 1820 2043 1893 posset,

162 1919 164 1928 ’
278 1911 403 1984 viatico
430 1911 624 1982 academico
649 1907 819 1970 honorato
850 1894 972 1970 itinera
1003 1893 1209 1967 instituenda
1230 1917 1301 1968 esse
1324 1918 1350 1974 ¹a
1375 1918 1513 1966 summo
1536 1896 1711 1990 [tegimine
1735 1903 1909 1998 deorsum,
1934 1930 1997 1982 est.

401 2133 467 2200 Hic
492 2133 625 2219 adjutus
654 2128 893 2223 vegetabilium
921 2127 1030 2222 copiis
1059 2128 1344 2222 adminiculisque
1366 2125 1505 2196 ineunte
1528 2152 1621 2196 anno
1638 2129 1871 2206 Mucccxut
1891 2135 2043 2222 optimus

273 2247 494 2314 &natamus
511 2243 670 2333 stirpibus
687 2243 802 2310 libero'
814 2251 892 2310 a'ere
910 2239 1169 2311 colendisareas
1186 2240 1373 2318 distribuit,
1393 2265 1429 2308 aa
1447 2243 1600 2319 ratione,
1614 2259 1651 2308 ut
1679 2241 1843 2310 distinctis
1873 2240 1936 2317 iis,
1956 2268 2044 2332 quse
2115 2289 2118 2300 ·

285 2354 424 2429 annuo,
455 2352 571 2421 bienni
599 2354 784 2445 perennive
815 2355 1002 2442 gauderent
1037 2352 1125 2418 vitae
1155 2352 1350 2430 curriculo,
1390 2352 1577 2419 secundum
1615 2369 1757 2436 systema
1787 2351 2044 2429 Linnaeanum,

215 2543 217 2550 Α
275 2464 375 2555 quale
397 2463 655 2553 aTbunbergio
678 2463 895 2530 emendatum
912 2481 974 2541 est,
989 2486 1119 2530 annuas
1141 2461 1177 2528 in
1194 2478 1340 2554 quatuor
1362 2462 1680 2550 septentrionalibus
1702 2462 1806 2547 (Tab.
1816 2470 1840 2528 1.
1853 2469 1893 2529 A.
1904 2469 1978 2528 ori.
1987 2469 2044 2546 c),

259 2575 417 2646 'biennes
438 2575 475 2642 in
498 2575 630 2642 duabus
653 2569 917 2641 occidentalibus
940 2574 1129 2656 (ibidum.
1138 2581 1176 2640 A.
1188 2573 1250 2657 b),
1262 2599 1428 2664 perennes
1445 2573 1681 2658 (ieiunae.
1690 2577 1738 2659 a.)
1760 2572 1795 2639 in
1817 2571 1955 2663 reliquis
1979 2573 2048 2640 col·

274 2686 409 2755 locaret.
454 2694 562 2753 Areae
585 2687 672 2755 duae
694 2709 838 2774 magnae
861 2685 1187 2770 (thienensi.)
1209 2687 1321 2777 prima
1338 2690 1450 2752 fronte
1470 2683 1701 2770 hybernaculo
1723 2685 1899 2774 oppositae
1920 2707 2043 2772 genera

274 2798 441 2864 nonnulla
464 2795 639 2886 speciebus
662 2796 787 2862 ditiora
809 2822 827 2863 e
847 2799 1127 2878 Compositarum
1150 2796 1295 2873 familia,
1327 2821 1356 2864 e.
1371 2823 1403 2887 g.
1425 2799 1642 2880 Solidoglnis,
1665 2799 1890 2872 centaureae,
1911 2801 2043 2862 Asteria

279 2921 496 2995 exceperunt.
538 2907 681 2971 Arbusta
704 2907 806 2973 dmul
828 2907 978 2996 plurima
999 2923 1057 2972 aut
1077 2907 1171 2972 dono
1193 2907 1269 2972 data
1292 2925 1349 2972 aut
1371 2923 1459 2973 emta
1482 2908 1641 2974 arboreto
1664 2899 1892 2983 accesserunt,
1914 2932 2042 2996 conge·

184 3050 188 3058 ·
270 3016 412 3084 neribus
434 3014 471 3080 in
494 3014 619 3082 vicinia
647 3017 771 3084 addita.
815 3021 927 3102 Quam
951 3017 1145 3104 plantarum
1174 3016 1433 3104 dispositionem
1456 3015 1616 3080 nonnulli
1644 3018 1782 3103 quidem
1814 3018 2043 3104 reprebende-

273 3128 375 3204 bant,
413 3123 622 3192 familiarum
654 3127 863 3195 naturalium
898 3127 1007 3223 qualis
1045 3144 1187 3212 systema
1224 3123 1459 3191 lussieuanum
1492 3123 1632 3190 baberet
1661 3123 1845 3215 imaginem
1885 3125 2041 3193 exbiberi

272 3238 399 3306 debere
429 3237 688 3316 contendentes,
720 3260 805 3328 quos
837 3241 1058 3306 Scanaunros
1087 3253 1202 3302 noster
1232 3233 1286 3300 his
1315 3231 1511 3323 praesertim
1541 3237 1779 3324 argumentis:
1812 3238 1907 3326 quod
1941 3236 2039 3306 nullo

272 3348 419 3418 omniuo
451 3366 630 3436 systemate
650 3351 784 3441 plantae
810 3349 848 3415 in
870 3350 973 3416 horto
995 3346 1193 3440 pertractari
1222 3363 1383 3436 possent,
1418 3343 1461 3410 ita
1493 3361 1529 3410 ut
1558 3367 1679 3413 omnes
1716 3345 1796 3414 iude
1826 3347 2038 3414 familiarum
2116 3341 2119 3346 ’

271 3483 377 3528 nexus
413 3460 629 3550 rationesque
663 3477 831 3551 paterent,
872 3461 1110 3528 Linnaeanum
1146 3481 1229 3523 vero
1262 3473 1293 3524 et
1328 3456 1503 3526 doctrinae
1536 3448 1695 3524 lacilitate
1730 3459 1918 3524 memoriae
1952 3457 2041 3526 mire

272 3567 459 3658 opitulante
489 3585 521 3635 et
548 3592 588 3635 eo
618 3570 934 3646 commendaretur,
963 3569 1057 3659 quod
1086 3567 1279 3655 complures
1318 3591 1440 3658 easque
1469 3567 1710 3636 luculentiores
1741 3569 1886 3636 familias
1916 3571 2039 3642 eodem

265 3659 378 3747 'modo
411 3701 451 3742 ac
478 3677 526 3743 sio
557 3677 685 3745 dictum
716 3679 870 3746 naturale
907 3695 1148 3768 componeret,
1192 3676 1363 3744 refutavit.
1424 3685 1544 3770 Neque
1580 3679 1698 3770 negari
1735 3705 1850 3772 posse,
1899 3679 2039 3770 insuper

270 3787 420 3866 addidit,
450 3804 556 3856 certas
579 3789 710 3880 plantas
732 3789 777 3856 ita
797 3790 914 3857 locum
937 3814 1039 3880 quem
1062 3788 1103 3871 in
1120 3791 1295 3874 system·
1318 3807 1524 3878 occuparent
1544 3815 1722 3882 respuere,
1755 3810 1789 3859 ut
1811 3791 1924 3884 potius
1946 3791 2042 3860 dissi·

240 3922 245 3927 ·
270 3917 344 3970 tam
367 3899 482 3968 autin
504 3901 627 3990 palude
649 3901 781 3968 iossave
800 3917 861 3974 aut
880 3900 918 3968 in
940 3903 1089 3970 arboreti
1111 3901 1235 3967 umbra
1255 3899 1311 3966 vel
1332 3898 1370 3966 in
1391 3903 1534 3992 rupibus
1555 3883 1620 3970 sibi
1643 3905 1865 3993 postularent.
1916 3901 2031 3990 Quam

270 4013 317 4082 ob
341 4035 496 4090 causam,
530 4028 568 4079 ut
589 4012 711 4079 talibus
733 4011 894 4102 stirpibus
916 4011 1102 4102 peculiaria
1121 4010 1314 4077 habitacula
1341 4010 1540 4082 conciliaret
1560 4039 1580 4081 a
1607 4039 1746 4082 summo
1769 4017 1945 4107 Regimine
1967 4015 2032 4080 im·

269 4124 441 4213 patravit,
472 4139 573 4214 atque
605 4148 685 4190 vere
715 4122 796 4191 anni
827 4125 1069 4191 MDCCCXlll
1107 4141 1157 4190 sat
1190 4145 1350 4212 magnam
1378 4137 1541 4192 'saxorum
1573 4151 1591 4194 e
1627 4128 1742 4218 glarea
1772 4146 2035 4217 compactorum

270 4235 519 4323 (Nagelflube)
541 4233 707 4326 tophique
729 4235 870 4304 calcarei
902 4231 1039 4324 copiam
1060 4233 1176 4304 invehi
1198 4235 1308 4320 jussit,
1340 4258 1427 4324 quae
1452 4237 1496 4304 ad
1511 4236 1747 4328 ,hybernaculi
1770 4237 1911 4329 angulos
1934 4239 2035 4306 arbo.

270 4345 333 4414 reti
364 4347 545 4415 arboribus
576 4346 780 4413 obumbrata
811 4345 847 4412 in
878 4345 1072 4437 plantarum
1102 4345 1374 4438 patrophilarum
1405 4345 1630 4416 habitationes
1659 4348 1876 4440 erigerentur.
1930 4357 2034 4416 Anno

270 4471 348 4548 post
368 4479 434 4550 pro
456 4455 617 4548 aquaticis
636 4474 668 4524 et
688 4455 861 4546 paludosis
882 4457 1094 4545 receptacula
1127 4456 1303 4547 ingeniose
1333 4457 1587 4534 condebantur,
1610 4457 1653 4526 de
1674 4459 1797 4549 quibus
1819 4461 1908 4526 inira
1929 4455 2033 4524 nobis

271 4587 383 4637 sermo
399 4569 470 4636 erit.
505 4573 598 4636 Dum
616 4569 701 4635 barac
717 4567 844 4643 omnia,
866 4560 955 4657 quae
971 4568 1014 4634 ad
1032 4569 1253 4657 plantandam
1270 4589 1385 4634 aream
1404 4569 1723 4659 conserendumque
1744 4571 1940 4636 arboretum
1953 4589 2033 4654 per-

270 4677 434 4753 tinerent,
462 4705 597 4754 summa
619 4705 698 4750 cum
724 4675 896 4772 diligentia
921 4677 1120 4755 moliretur,
1142 4677 1365 4763 hybernaculi
1387 4677 1575 4746 aedificatio
1598 4680 1641 4746 ad
1664 4681 1768 4747 linem
1791 4697 1837 4746 est
1857 4677 2036 4768 perducta,

270 4787 369 4884 quod
395 4813 438 4862 oe
458 4791 513 4864 ael
542 4789 617 4890 ipso
640 4789 810 4890 principio
834 4789 1027 4886 plantarum
1048 4801 1252 4860 ornamento
1283 4797 1446 4869 careret,
1467 4787 1566 4887 Regis
1600 4791 1834 4862 munificentia
1863 4775 2025 4883 maguam

2148 2339 2166 2368 S

2257 2669 2259 2714 t

2256 2831 2259 2916 t

2256 2997 2259 3138 t
