4556 5514
257 1303 460 1490 Ingenium
484 1365 677 1466 humanum
700 1389 825 1488 quant'a
847 1396 888 1462 sit
909 1389 1110 1460 fortitudine
1131 1389 1323 1484 praeditum
1347 1397 1473 1482 quanta
1493 1380 1669 1453 nobilitate
1691 1383 1740 1452 nil
1763 1398 1811 1451 est
1831 1407 1899 1473 quo
1923 1381 2024 1450 doce·

257 1549 358 1592 amur
374 1521 562 1592 evidentius
576 1546 682 1612 qnam
699 1521 875 1588 literarum
894 1517 1047 1586 historia.
1090 1507 1130 1584 ln
1150 1516 1313 1586 omuibus
1327 1514 1418 1583 euim
1433 1512 1567 1606 generis
1580 1511 1723 1580 humani
1740 1507 2030 1601 proferendorum

259 1647 417 1718 scientiae
439 1648 562 1716 linium
584 1647 761 1717 conatibus
785 1643 892 1712 divini
914 1635 998 1724 quid
1027 1665 1098 1708 non
1129 1639 1201 1710 siue
1223 1639 1450 1710 admiratione
1472 1635 1689 1731 agnoscimus
1711 1651 1742 1702 et
1770 1633 1942 1710 animum,
1973 1630 2034 1722 qui
2137 1649 2141 1656 '

257 1771 421 1863 „pientia
437 1774 544 1864 magi,
558 1790 657 1856 quesn
673 1757 740 1825 alio
765 1757 885 1848 quovis
912 1759 1099 1826 commodo
1120 1762 1263 1845 gaudeat
1284 1773 1383 1846 atque
1406 1781 1681 1839 commoveatur,
1703 1778 1878 1848 tamquam
1895 1782 2031 1864 summo

263 1915 418 1966 creator,
441 1895 579 1976 attg'nam
601 1865 787 1973 imaginem
810 1883 888 1951 laeti
910 1905 1126 1960 veneramur,
1143 1883 1215 1952 sive
1238 1905 1300 1973 per
1317 1881 1479 1950 sublimas
1495 1879 1737 1972 Philosophiae
1759 1886 1894 1954 semitas
1917 1908 2033 1952 rerum

262 2037 412 2086 summas
434 2009 612 2087 notiones,
636 2009 728 2086 sive,
751 2008 958 2100 experientia
979 2009 1081 2086 duce,
1108 2008 1277 2076 internum
1301 2013 1452 2075 Naturae
1473 2005 1626 2074 indolem
1649 2022 1868 2074 consectetur.
1919 2009 2037 2076 Plures

261 2158 374 2210 tamen
396 2154 492 2213 sunt,
516 2135 575 2225 qui
599 2135 641 2204 tle
663 2160 779 2203 rerum
797 2134 1005 2202 naturalium
1029 2133 1225 2224 cognitione
1246 2135 1401 2223 augenda
1420 2147 1587 2223 satagant,
1605 2153 1668 2198 nee
1690 2129 1884 2208 immerito,
1908 2135 2034 2223 quippe

260 2289 328 2355 qua
350 2261 439 2330 vitae
468 2275 606 2326 nostrae
639 2261 900 2327 fundamentum
923 2277 1023 2348 atque
1045 2257 1258 2327 conditiones
1282 2275 1313 2324 et
1335 2255 1430 2348 quasi
1452 2280 1578 2348 eorpus
1610 2255 1790 2323 rimantur.
1847 2262 1920 2324 Nec
1951 2258 2036 2324 diffi-

263 2385 425 2464 tendum,
463 2381 738 2462 ineascientia,
766 2409 868 2474 quam
892 2382 1123 2450 Historiae
1170 2381 1382 2450 naturalis
1423 2379 1567 2449 nomine
1596 2379 1876 2473 complectimur,
1931 2407 2036 2472 genus

265 2512 457 2586 humanum
480 2527 746 2579 monumentum
776 2507 924 2598 exegisse
945 2508 1090 2577 eximiae
1112 2508 1308 2586 sollertiae,
1330 2531 1446 2576 sensus
1466 2507 1646 2583 acerrimi,
1670 2501 1787 2592 judieii
1811 2506 2038 2586 subtilissimi,

264 2661 306 2706 eo
336 2661 405 2728 quo
430 2659 545 2704 mores
563 2657 720 2727 quoque,
742 2635 892 2702 veritatis
914 2635 1081 2713 studium,
1105 2633 1212 2704 animi
1233 2633 1356 2712 fidem,
1378 2632 1664 2726 perseverantiam
1680 2615 1815 2698 mirumx
1833 2631 1869 2697 in
1893 2633 2037 2698 modurn

266 2780 419 2831 exerceat
439 2761 540 2829 laude
564 2761 698 2850 dignius
720 2779 839 2849 atque,
866 2761 915 2826 uti
937 2760 1009 2849 ipsa
1031 2769 1178 2834 Natura,
1201 2783 1306 2846 quam
1328 2775 1524 2844 pertractat,
1547 2779 1725 2844 nunquam
1749 2755 1964 2823 moriturum.
1989 2763 2037 2822 Ac

264 2885 301 2954 iu
332 2911 451 2956 rerum
481 2884 621 2974 quidem
644 2883 851 2950 naturalium
884 2880 1116 2970 disquisitione
1138 2881 1293 2947 animum
1315 2879 1448 2971 generis
1474 2878 1617 2946 humani
1641 2903 1660 2945 a
1683 2879 1856 2970 principio
1881 2876 1977 2969 quasi
1997 2877 2033 2942 in

241 2994 444 3097 'plantas
468 2979 672 3074 coniersum
696 3003 797 3071 luisse
821 3017 967 3088 constat3
989 3028 1052 3072 nec
1069 3005 1213 3090 mirum,
1235 3031 1315 3073 nam
1334 3005 1468 3095 plantae
1489 3031 1561 3072 non
1577 3006 1689 3074 sulum
1709 3001 1890 3098 multiplici
1914 3029 1976 3070 usu
1999 2985 2039 3070 ab

267 3132 500 3200 emolumento
524 3131 644 3221 primis
664 3128 864 3198 huminibus
886 3154 920 3197 se
939 3133 1238 3213 commendabant,
1256 3135 1315 3204 sed
1329 3133 1493 3223 singulari
1516 3115 1653 3224 quoque
1673 3133 1781 3223 gratia
1805 3155 1843 3198 ac
1865 3143 2037 3198 venustate

267 3279 389 3324 eorum
410 3255 780 3336 mentemdelectahant
801 3272 901 3346 atque
914 3254 1161 3325 demulcebant.
1204 3263 1251 3328 Ita
1274 3259 1474 3337 factumest,
1496 3276 1533 3326 ut
1548 3265 1616 3346 jam
1631 3258 1743 3350 prima
1760 3274 1864 3324 aetate
1880 3255 2038 3323 homines

269 3378 470 3468 vegetabilis
504 3379 593 3447 circa
615 3380 771 3472 ipsorum
802 3377 978 3448 domicilia
998 3380 1149 3448 colerent
1169 3379 1241 3447 non
1270 3383 1445 3458 commodi
1469 3383 1582 3447 solum
1610 3406 1725 3457 causa,
1748 3381 1806 3448 sed
1837 3355 1931 3470 quod
1960 3380 2040 3445 deo-

266 3529 345 3571 rum
354 3503 501 3586 ,donum
524 3519 556 3570 et
577 3527 649 3572 rem
672 3503 752 3594 ipsis
775 3504 919 3572 amicam
940 3505 1122 3581 haberent,
1145 3501 1229 3594 quin
1253 3502 1408 3568 animum
1430 3502 1497 3570 illis
1519 3521 1619 3596 atqua
1641 3504 1769 3572 amoris
1791 3529 1929 3572 sensum
1952 3501 2040 3569 attri-

266 3626 430 3705 buerent,
454 3653 557 3718 quarn
580 3628 626 3696 oh
652 3653 789 3696 causam
811 3647 843 3697 et
856 3630 1072 3719 singulorum
1095 3628 1279 3697 hominum
1299 3647 1330 3696 et
1343 3628 1580 3696 universarum
1595 3631 1747 3720 gentium
1763 3653 1878 3700 mores
1899 3645 1931 3696 et
1958 3651 2042 3694 cun·

269 3751 415 3820 ‹litiones
434 3753 626 3842 plantarum
644 3755 774 3822 cultura
791 3771 963 3845 tamquam
979 3754 1016 3819 in
1028 3751 1175 3844 imagine
1190 3753 1361 3823 interdum
1378 3753 1531 3822 exhiberi
1549 3757 1687 3824 credere
1701 3758 1750 3824 las
1766 3774 1823 3824 esc
1845 3761 1892 3823 lta
1907 3778 1999 3831 sane,
2013 3752 2040 3820 si

269 3876 450 3946 hortorum
467 3877 643 3947 historiam
659 3897 691 3946 et
708 3879 822 3972 qualia
839 3879 921 3947 inde
935 3905 955 3945 a
973 3877 1093 3970 priscis
1107 3877 1319 3970 temporibus
1335 3879 1378 3948 ad
1393 3897 1546 3948 nostram
1565 3897 1707 3950 aetatem
1729 3905 1834 3971 usque
1852 3879 2042 3949 incremen-

270 4016 303 4066 ta
328 4002 480 4092 ceperint
501 4020 655 4070 accurate
672 4003 806 4096 cognita
827 4003 1031 4072 haberemus
1053 4029 1124 4072 nou
1146 4004 1258 4071 solunt
1271 4005 1445 4074 Botanices
1460 4006 1525 4074 lata
1549 4007 1737 4092 dijudicare
1762 4028 1955 4100 possemus,
1980 4002 2039 4071 sed

209 4175 214 4182 .
270 4122 422 4214 ipsarum
438 4127 589 4217 gentium
604 4127 782 4220 ingenium
797 4129 1097 4220 conditionemque
1110 4128 1311 4196 luculentius
1328 4129 1407 4198 inde
1424 4133 1706 4223 perspiceremus.
1728 4133 1862 4200 Primos
1879 4126 2038 4198 omniurn

268 4248 389 4316 hortos
408 4275 486 4318 eum
508 4252 543 4318 in
561 4255 664 4322 linem
681 4255 919 4332 condiderant,
934 4272 971 4323 ut
987 4254 1185 4346 vegetabilis
1200 4255 1277 4321 usui
1293 4255 1480 4327 domestico
1504 4276 1763 4349 etacgrotorum
1774 4257 1926 4324 medelae
1945 4277 2040 4322 acco·

268 4374 406 4443 modata
420 4393 476 4444 aut
494 4379 646 4448 sensibus
665 4399 758 4470 gruta
775 4379 824 4448 ibi
839 4382 999 4461 colerent,
1008 4407 1115 4473 quum
1133 4404 1228 4456 vero,
1240 4378 1375 4468 disjecta
1393 4382 1497 4452 medii
1514 4384 1588 4452 aevi
1605 4384 1765 4476 caligine,
1780 4407 1845 4476 perv
1857 4387 2036 4474 Europam

269 4495 507 4571 Universitates
550 4525 765 4597 exurgerent,
795 4508 931 4588 hortos,
960 4531 1047 4600 quos
1081 4505 1277 4575 medicos
1309 4507 1363 4576 vel
1392 4509 1625 4580 botanioos
1655 4507 1855 4590 nominant,
1884 4507 1937 4612 in!
1957 4503 2042 4594 pub·

266 4619 368 4692 licam
405 4627 619 4718 disciplinam
662 4631 905 4704 instruxerunt.
968 4639 1045 4721 Quo
1068 4633 1168 4724 plura
1197 4656 1302 4712 vero,
1324 4632 1498 4703 literarum
1529 4637 1646 4706 studiis
1680 4637 1808 4728 ubique
1835 4630 2041 4702 laustissimo
2124 4715 2128 4724 ,

270 4746 403 4832 otnine¹
424 4749 604 4843 divulgatis
645 4773 743 4847 atque
776 4760 933 4839 excultis,
975 4760 1171 4851 plantarunt
1219 4782 1344 4851 genera
1382 4759 1653 4842 innotescerent,
1685 4787 1772 4854 quae
1800 4763 1891 4826 Deus
1924 4757 2040 4826 divina

268 4869 341 4962 tege
362 4873 540 4946 efformata
560 4893 659 4970 atque
681 4903 744 4972 per
766 4883 889 4952 orbem
906 4903 1077 4954 terrarum
1098 4909 1212 4979 sparsa
1234 4888 1392 4956 humano
1413 4889 1530 4981 generi
1546 4886 1764 4984 exhibuisset,
1785 4907 1826 4952 eo
1848 4882 2037 4958 nobiliores

1542 5027 1560 5087 t

2168 1060 2250 1254 <t

2238 1390 2245 1401 ·
