4556 5514
837 511 1464 594 v--026--m'

242 772 365 860 Neque
411 764 524 836 dicam
570 765 613 833 de
648 754 744 832 varia
780 761 934 836 utilitate,
973 779 1079 850 mum
1107 778 1127 824 e
1159 756 1281 826 talibus
1320 757 1617 829 observationibus
1661 778 1695 830 et
1731 765 1938 854 agriculture
1980 792 2012 846 er

247 879 335 948 coeli
375 875 556 970 prognosis
594 876 768 968 percipere
804 888 956 965 possunt·
1013 873 1088 938 Hac
1121 893 1204 939 vero
1231 864 1368 938 'ratione
1389 874 1549 942 Florae
1577 900 1716 967 quoque
1737 880 2009 966 calendaria,

251 982 365 1081 qualia
392 995 462 1074 jam
492 981 693 1056 immortalis
721 985 902 1052 brunerus
932 981 1212 1059 commendavit,
1251 982 1368 1074 magni
1391 1001 1470 1054 sunt
1490 989 1656 1056 momenti
1666 979 1682 1066 ,¹
1707 1007 1807 1084 atque
1830 997 1951 1086 quovis
1972 1000 2010 1067 in

245 1102 348 1168 horto
371 1094 567 1165 instruenda
589 1092 767 1171 videntur,
789 1091 958 1183 siquidem
979 1094 1141 1161 Botanico
1163 1091 1291 1162 ibidem
1316 1095 1509 1185 plantarum
1532 1096 1569 1164 in
1592 1099 1715 1168 vicinia
1740 1103 1890 1174 babitare
1912 1127 2012 1202 etque

248 1209 364 1300 quavis
386 1209 472 1276 bora
495 1206 747 1273 observationes
774 1204 947 1272 instituere
976 1203 1121 1274 licuerit.
1172 1207 1212 1272 ln
1234 1205 1504 1276 frondescentiae
1535 1227 1666 1289 autem,
1690 1211 1957 1300 efflorescentise
1980 1239 2013 1292 et

246 1318 516 1390 fructificationis
551 1315 713 1410 periodos
747 1319 816 1385 duo
852 1329 957 1408 quam
986 1317 1135 1384 maxime
1166 1314 1237 1383 vim
1270 1317 1397 1386 habere
1431 1319 1613 1388 videntur:
1644 1325 1739 1392 calor
1763 1327 1845 1400 anni
1877 1332 2009 1401 medius

245 1449 277 1501 et
298 1431 425 1522 polaris
449 1429 600 1515 altitudo.
643 1428 741 1496 Aeris
762 1429 854 1497 enim
875 1445 975 1520 atque
996 1444 1105 1498 terrae
1127 1426 1246 1496 insitus
1275 1429 1371 1498 calor
1399 1447 1470 1499 toto
1501 1458 1592 1501 anno
1616 1435 1790 1506 materiem
1814 1441 2010 1530 plantarum

219 1560 394 1620 ·exercet,
425 1558 523 1632 atque
551 1537 604 1609 vel
632 1563 673 1606 eo
703 1539 778 1629 ipso
805 1555 980 1632 ternpore,
1010 1563 1080 1630 quo
1112 1539 1230 1628 stirpes
1260 1541 1486 1626 hybernando
1517 1545 1690 1634 quiescere
1719 1547 1881 1631 dicimus,
1915 1570 2011 1624 certo

242 1655 445 1722 intrinsecus
469 1652 554 1720 vitae
576 1651 713 1718 stimulo
737 1666 899 1740 aguntur,
929 1673 1034 1741 quam
1063 1650 1109 1716 ob
1141 1669 1276 1716 causam
1300 1669 1434 1714 summ·
1466 1659 1685 1749 vegetationi,
1710 1661 1818 1752 capit,
1841 1645 2024 1756 fiamque‚'

243 1789 329 1854 quos
359 1787 463 1856 supra
502 1759 797 1834 enumeravimus,
832 1765 901 1838 ism
931 1761 1010 1847 ipsu¹
1037 1759 1160 1842 hyeme
1195 1756 1393 1846 praeparari
1415 1776 1455 1825 et
1486 1759 1691 1838 clandestine
1723 1773 1887 1850 formari,
1925 1775 2011 1843 dum

244 1875 460 1966 provectiore
489 1889 595 1940 aetate
625 1871 661 1934 in
695 1881 915 1958 conspectum
947 1867 1108 1941 edantur,
1141 1865 1360 1935 arbitramur.
1415 1868 1454 1936 ld
1484 1894 1567 1938 vero
1597 1897 1735 1965 quoque
1763 1883 1928 1968 probatur
1958 1909 2013 1966 eo,

242 1988 338 2075 quod
366 2011 439 2052 non
462 2009 502 2051 ex
525 1979 639 2048 medio
662 1976 751 2046 veris
773 1976 827 2042 rel
860 1976 987 2044 aestatis
1017 1976 1078 2044 sed
1102 1999 1143 2044 ex
1164 1977 1266 2044 totius
1288 1977 1369 2043 anni
1392 1980 1506 2048 calore
1527 1981 1667 2051 illorum
1690 1977 2013 2076 phaenomenoritm
2072 1991 2075 1998 Δ

144 2165 149 2176 ,
243 2097 403 2164 introitus
426 2113 525 2186 atque
548 2092 710 2160 decursus
740 2087 890 2181 pendere
911 2085 1077 2155 videatur.
1130 2085 1264 2173 Quodsi
1288 2088 1380 2156 enim
1410 2116 1651 2186 quemcunque
1679 2097 1831 2188 plantam
1852 2109 2013 2200 Europae

245 2229 351 2295 aeque
394 2228 434 2272 ac
471 2201 650 2272 Americae
691 2200 822 2269 boreali
862 2209 1083 2267 communem
1111 2199 1175 2288 sub
1208 2201 1328 2268 cadem
1365 2198 1541 2272 latitudine
1585 2211 1925 2298 comparaverimus,
1972 2217 2012 2286 in

243 2340 414 2404 europaeo
447 2337 566 2382 omnes
603 2313 823 2404 vegetationis
857 2310 1019 2402 periodos
1065 2308 1162 2376 citius
1196 2333 1236 2378 ao
1275 2306 1312 2378 in
1342 2311 1535 2380 americana
1574 2313 1732 2409 ingruere
1772 2322 2009 2414 invenliemusq

240 2427 319 2494 licet
341 2429 435 2494 calor
459 2423 591 2493 medius
614 2422 742 2491 aestatis
765 2422 802 2488 in
828 2420 1028 2489 occidentali
1043 2419 1298 2512 hemisphaerio
1321 2421 1480 2511 superior
1502 2449 1604 2515 quam
1628 2428 1664 2495 in
1687 2431 1844 2500 orientali
1867 2433 2011 2514 dicatur,

241 2563 347 2628 quum
375 2555 489 2603 tamen
517 2536 619 2603 totius
650 2533 729 2601 anui
751 2530 895 2599 inferior
917 2531 968 2598 sit.
1020 2533 1195 2599 Praeterea
1221 2532 1316 2601 calor
1338 2532 1470 2601 medius
1493 2559 1646 2615 annuus,
1677 2563 1783 2628 quum
1807 2560 1839 2610 et
1859 2546 2008 2634 regionis

241 2649 418 2733 eujusdam
440 2644 610 2714 latitudini
633 2661 664 2712 et
685 2642 864 2712 elevationi
886 2665 988 2732 supra
1010 2665 1106 2744 mare
1127 2659 1160 2709 et
1179 2641 1301 2733 topicis
1317 2659 1490 2735 praeterea
1507 2648 1776 2730 conditionibus,
1794 2655 1909 2746 quales
1932 2671 2009 2724 sunt

24 2813 33 2824 ‚
124 2817 132 2838 ,
239 2760 348 2836 venti,
371 2761 526 2832 lacuum,
551 2755 672 2832 maris,
699 2751 887 2821 fluviorum
908 2753 1034 2820 vicinia
1056 2753 1110 2820 vel
1133 2753 1280 2820 saltuum
1310 2771 1409 2846 atque
1431 2757 1797 2849 montiumqobjectus,
1827 2765 2010 2846 debeatur,

238 2895 357 2936 verum
382 2867 526 2937 modum
550 2865 650 2955 atque
671 2863 841 2931 rationem
871 2863 1011 2939 caloris,
1044 2886 1146 2956 quem
1182 2862 1302 2953 stirpes
1333 2853 1462 2933 ibidem
1495 2868 1736 2959 experiuntur,
1773 2872 1833 2942 illo
1863 2875 2010 2946 indicari

239 2980 501 3047 existimandum
530 2991 586 3046 est.
629 2973 786 3041 Luminis
816 2995 917 3049 vero,
944 2973 1039 3063 quod
1070 2989 1162 3040 certo
1186 2974 1338 3063 quodam
1360 2974 1662 3071 looovegetabilia
1684 3003 1704 3046 a
1726 2983 1798 3048 sole
1821 2984 2009 3076 accipiunt,
2084 3067 2087 3072 y

150 3069 153 3076 i
238 3111 398 3156 mensura
420 3090 502 3156 item
524 3085 635 3178 polari
659 3084 835 3154 altitudine
857 3079 1046 3157 indicatur,
1069 3081 1196 3172 quippe
1219 3107 1308 3172 quae
1330 3099 1362 3150 st
1383 3086 1559 3176 angulum,
1584 3111 1653 3177 quo
1676 3090 1761 3158 radii
1784 3092 1959 3176 incidant,
1979 3112 2010 3165 et

237 3200 430 3267 indiarum
456 3197 668 3266 incremento
700 3221 739 3264 ae
762 3197 978 3264 decremento
1003 3192 1173 3260 rationem
1203 3195 1358 3285 explicat.
1424 3197 1557 3282 Quibus
1581 3198 1626 3266 de
1656 3201 1949 3292 causis-periodos
1971 3207 2008 3275 iu

238 3317 470 3402 cujuscunque
500 3309 569 3378 loci
591 3306 833 3400 vegetabilibus
865 3304 1095 3372 observandas
1126 3327 1206 3372 cuns
1235 3305 1373 3384 tabula,
1401 3306 1457 3373 oui
1480 3307 1616 3376 dierum
1639 3309 1854 3393 vicissitudo,
1884 3340 2007 3390 eorum

235 3447 360 3514 nempe
390 3417 455 3514 per'
474 3437 583 3488 totum
607 3443 736 3485 annum
759 3435 875 3484 auctus
896 3433 927 3483 et
949 3412 1145 3504 diminutio,
1166 3413 1329 3504 inscripta
1355 3432 1456 3506 atque
1477 3417 1644 3486 delineata
1667 3439 1732 3499 est,
1755 3429 2005 3514 comparandas

236 3533 529 3600 commendamus.
572 3528 747 3614 Ejusmodi
770 3525 1024 3594 observationes
1055 3522 1083 3589 si
1116 3521 1263 3605 variis*)
1306 3528 1465 3615 Europae
1487 3528 1572 3596 locis
1602 3554 1664 3621 per
1686 3537 1873 3603 nonnullos
1896 3562 2006 3606 annos

237 3635 535 3716 continuarentur,
568 3641 714 3708 multum
734 3637 817 3706 lucis
840 3651 872 3704 et
892 3632 1129 3724 Physiologias
1143 3633 1346 3724 ,plantarum
1375 3651 1406 3700 et
1427 3635 1690 3730 Climatologiac
1712 3643 1837 3714 addere
1859 3665 2007 3735 possent.

238 3759 352 3840 Quam
383 3754 428 3820 ob
459 3777 595 3828 causam
626 3768 676 3820 tot
703 3751 822 3844 hortos
853 3744 1030 3815 botanicos
1059 3743 1140 3811 inde
1167 3746 1383 3812 aPanormo
1413 3746 1476 3813 sub
1507 3758 1581 3831 38⁰,
1605 3753 1651 3833 6‘,
1680 3759 1759 3832 44‘2
1784 3753 1839 3820 lat.
1869 3755 1932 3822 sira
1964 3757 2008 3826 ad

235 3865 413 3956 Upsaliam
436 3863 599 3954 usquein
621 3865 761 3948 tecam,
784 3863 850 3943 51‘,
869 3862 947 3934 50⁴2
970 3852 1112 3922 dlvml‘
1135 3851 1172 3922 ln
1193 3849 1408 3943 ‘Gelonlbttss
1432 3881 1461 3924 e·
1473 3883 1505 3948 g·
1520 3860 1689 3949 Neapoli,
1713 3865 1857 3939 Romae,
1882 3865 2025 3945 Ticini„

236 3975 381 4052 Patavii,
415 3975 614 4053 Monacbii,
647 3973 892 4046 Vindobonae,
929 3963 1180 4040 Laudislautae,
1213 3966 1400 4053 Erlangae,
1431 3968 1633 4059 Herbipoli,
1673 3973 1777 4041 Halae
1811 3977 2009 4056 Saxonum,

233 4085 473 4164 Vratislaviae,
496 4087 692 4178 Gottingae,
714 4089 871 4158 bonnae,
901 4077 1074 4153 berolini,
1100 4075 1206 4166 Regio
1236 4080 1380 4162 Monta,
1403 4081 1617 4174 Hamburgi,
1648 4085 1821 4163 Havniae,
1844 4086 2006 4165 Lundac,

234 4199 413 4278 Holmiae,
443 4199 643 4284 constitutos
674 4221 779 4288 quum
809 4193 1001 4266 videamus,
1035 4211 1107 4256 non
1137 4196 1340 4277 possumus,
1371 4187 1455 4279 quin
1486 4191 1580 4260 viros
1614 4171 1848 4276 doctissimos,
1878 4198 2006 4268 ibidem

234 4310 427 4402 plantarum
458 4310 608 4378 studium
640 4320 882 4404 promoventes
913 4300 967 4368 bis
989 4297 1130 4393 pagellis
1158 4313 1294 4392 rogatos
1334 4321 1405 4366 esse
1435 4299 1597 4382 velimus,
1629 4322 1666 4373 ut
1692 4307 1795 4376 velint
1825 4316 2005 4396 conjuncta

209 4421 212 4428 ’
242 4444 348 4511 opera
370 4423 492 4490 talibus
519 4418 816 4490 observationibus
846 4413 1002 4483 animum
1023 4411 1220 4490 intendere,
1251 4411 1429 4480 observata
1458 4437 1542 4484 vero
1572 4413 1676 4484 literis
1709 4419 1891 4498 mandare,
1921 4441 2009 4508 quae

236 4593 660 4614 ..Μ

271 4706 290 4767 ¹)
309 4706 413 4756 Discum
430 4708 712 4771 aestumandae,
732 4703 875 4766 iterabit,
901 4699 1012 4752 berolini
1035 4710 1060 4748 et
1077 4701 1185 4752 llamias
1221 4700 1373 4762 consideras,
1401 4716 1513 4766 magnam
1537 4717 1595 4754 tane
1612 4705 1774 4755 differentiam
1792 4705 1918 4764 invenies,
1944 4719 2007 4768 quae

342 4805 500 4870 vegetationis
518 4806 633 4868 periodos
653 4807 748 4854 diverso
765 4815 874 4868 tempore
888 4804 976 4852 debere
995 4803 1107 4867 ingmaro
1126 4799 1174 4858 (vel
1189 4797 1278 4860 absque
1297 4807 1437 4860 computato
1456 4799 1535 4848 calore
1554 4815 1636 4850 annuo
1650 4803 1743 4865 medio)
1759 4803 1866 4851 iudicare
1885 4803 2003 4852 videatur.

345 4907 397 4962 lta,
424 4905 539 4967 urbium,
565 4906 601 4952 uti
620 4904 810 4960 nominavimus,
829 4904 942 4952 ordinem
961 4913 1103 4967 sequentes,
1123 4899 1187 4950 diem
1206 4896 1374 4946 brevissimum
1393 4895 1448 4949 bor.
1469 4903 1484 4948 d
1505 4887 1529 4947 el
1550 4882 1605 4963 Μ
1634 4901 1689 4952 bor.
1711 4907 1725 4951 7
1745 4913 1769 4951 et
1788 4903 1846 4967 ὅτ’,
1871 4901 1926 4952 bor.
1946 4899 1964 4952 6
1982 4913 2007 4952 st
2053 4939 2057 4942 -

343 4999 406 5064 ΞΜ
426 5004 594 5070 longissimum
614 5023 672 5057 vero
691 5007 745 5056 bor.
770 5001 801 5054 16
821 5016 845 5055 et
863 5003 901 5071 2‘,
920 5003 975 5052 bor.
999 4995 1031 5050 td
1050 5011 1074 5052 et
1092 4997 1149 5069 et‘,
1168 4999 1224 5049 bor·
1247 5004 1278 5050 tt
1298 5009 1322 5047 at
1339 4991 1387 5048 2⁶¹
1404 4997 1498 5050 absolvi
1517 5007 1618 5049 suunt
