4556 5514
839 435 1163 513 amu-,15
1225 426 1457 484 m·

575 674 637 790 V.
709 673 1004 799 Plantae
1076 667 1200 782 sub
1274 673 1388 787 dio
1463 675 1740 792 cultae.¹

264 821 383 1000 His
397 923 788 1023 devitae've'gerabilium
804 922 1059 994 conditionibus
1072 925 1313 1017 praemonitis,
1331 930 1374 998 ad
1387 927 1505 1021 stirpes
1518 927 1617 999 nobis
1631 931 1741 1000 libero
1758 937 1836 1002 abre
1849 933 1954 1004 cultas
1975 960 2031 1009 ms
2120 967 2124 976 ·

266 1063 449 1115 converto,
472 1027 553 1128 quas
570 1035 708 1124 quidem
731 1035 767 1101 in
786 1052 874 1102 tanta
890 1036 979 1103 ae'ris
991 1034 1194 1126 intemperie
1208 1065 1354 1109 numero
1374 1043 1551 1134 pauciores
1572 1068 1641 1111 esse
1659 1043 1801 1119 debore,
1820 1068 1923 1132 quam
1943 1071 2032 1116 nou·

264 1152 442 1224 nullorum
460 1146 663 1225 hortorum,
685 1146 763 1228 licet
783 1147 908 1216 arctico
921 1149 1003 1240 polo
1022 1143 1247 1230 viciniorum,
1271 1170 1415 1222 attamen
1436 1155 1571 1224 mitiore
1593 1155 1724 1246 sibique
1744 1155 1851 1246 magis
1878 1177 2035 1227 constan·

190 1263 196 1280 “’
263 1280 297 1334 te
317 1264 379 1331 sub
400 1260 497 1329 coelo
515 1259 678 1337 sitorum,
701 1283 731 1326 e.
755 1285 786 1352 g.
809 1259 1055 1338 berolinensis,
1079 1261 1326 1354 Gottiugensis,
1348 1289 1452 1336 nemo
1468 1266 1545 1344 erit,
1570 1265 1627 1358 qui
1649 1265 1804 1356 dubites,
1833 1269 2036 1360 Quasigitur

263 1371 464 1452 Germania,
488 1370 660 1449 Helvetia,
688 1373 866 1439 Pannonia
897 1371 1185 1463 septentrionalis,
1219 1375 1461 1456 scandinavia,
1497 1379 1616 1446 Russia
1638 1377 1812 1468 frigidior,
1850 1379 1976 1447 Sibiria
1996 1405 2035 1451 aa

261 1481 717 1575 Americaseptentrionalis
737 1483 818 1551 inde
846 1508 865 1550 a
888 1485 997 1576 gradu
1027 1488 1069 1555 40
1095 1484 1175 1552 latit.
1204 1487 1475 1577 septentrionalis
1499 1515 1616 1560 versus
1649 1497 1831 1557 Arcturum
1861 1491 2033 1570 nutriunt,

262 1589 327 1693 nos
345 1596 484 1688 quidem
507 1597 543 1663 in
561 1618 686 1687 genere
704 1595 767 1660 sub
783 1594 840 1662 dio
854 1616 991 1662 servare
1005 1618 1207 1688 possumus3
1231 1611 1350 1660 contra
1371 1603 1530 1692 Europae
1546 1596 1779 1669 meridionalis
1795 1602 1902 1682 cives,
1940 1627 2037 1692 pras.

147 1751 152 1762 ι
263 1707 378 1777 sertim
405 1731 492 1798 quae
512 1707 616 1775 maris
643 1702 884 1774 mediterranei
913 1703 949 1763 in
974 1707 1105 1765 ambitu
1129 1717 1300 1776 crescunt,
1347 1698 1455 1768 immo
1478 1716 1689 1791 germanicas
1709 1715 1870 1804 quasdam
1901 1712 2038 1780 mitiore

262 1818 351 1888 coeli
371 1817 535 1908 temperie
564 1817 716 1885 adsuetas
738 1815 781 1876 ad
797 1807 1029 1894 hybernacula
1047 1809 1198 1895 relegare
1220 1808 1394 1875 debemus.
1434 1814 1706 1882 Arboretum
1730 1848 1750 1881 s
1771 1825 1807 1892 b.
1831 1822 1873 1890 de
1895 1803 2033 1890 senine

261 1931 308 2000 ita
323 1914 510 2020 plantatum
528 1939 590 2000 est,
621 1939 658 1990 ut
674 1918 868 1986 minoribus
889 1941 1005 1985 versus
1022 1941 1138 1986 aream
1154 1921 1270 1988 herbis
1289 1919 1509 2003 destinatam,
1539 1923 1715 1992 altioribus
1733 1925 1770 1992 in
1800 1929 1889 1998 horti
1905 1915 2035 2002 ambitu

260 2032 431 2130 dispositis
454 2027 810 2121 frondescentisquasi
832 2029 1071 2120 amphitheatri
1090 2031 1215 2122 gradus
1232 2033 1410 2110 exhibeat,
1439 2033 1607 2102 foliorum
1626 2035 1769 2103 diversis
1792 2037 1913 2108 formis
1942 2045 2035 2112 colo·

255 2147 392 2238 busque
407 2147 449 2214 de
464 2143 641 2236 proposito
660 2141 861 2233 variegatos.
905 2140 1061 2228 cujusvis
1085 2144 1217 2230 generis
1243 2143 1370 2235 species
1393 2145 1606 2214 consociatae
1626 2147 1720 2224 sunt,
1757 2145 1908 2238 singulis
1921 2155 2035 2246 stirpi·

247 2259 343 2335 bus,
367 2279 411 2323 ne
435 2254 637 2324 artificiosae
663 2253 764 2320 series
788 2252 981 2332 offendant,
1025 2253 1152 2344 absque
1175 2254 1297 2323 ordine
1319 2256 1502 2344 collocatis.
1546 2262 1594 2324 lta
1612 2257 1902 2349 Rotanophilum,
1930 2265 2038 2355 siper
2074 2249 2079 2256 ’

159 2413 167 2420 -
262 2392 425 2459 magnam
444 2386 578 2458 portam
595 2363 789 2442 intraverit,
808 2369 947 2430 Rboum
965 2363 1179 2442 honestum,
1207 2366 1373 2434 foliorum
1399 2367 1704 2458 panicularumque
1726 2367 1890 2438 inusitatis
1917 2373 2038 2443 formis

261 2476 491 2570 conspicuum
511 2475 646 2570 excipit,
670 2476 765 2566 quod
782 2493 895 2542 tamen
916 2475 1046 2566 frigore
1060 2492 1184 2544 tactum
1201 2477 1383 2569 quotannis
1400 2481 1469 2547 fere
1485 2477 1628 2548 strictius
1646 2478 1869 2548 recidendum
1888 2504 1956 2551 esse
1976 2487 2036 2553 do·

259 2591 382 2662 lemus.
426 2588 510 2657 lnde
536 2587 943 2674 versushybernaculum
972 2611 1138 2656 converso
1169 2589 1212 2656 ad
1236 2591 1389 2659 dextram
1412 2608 1490 2658 sunt
1513 2591 1628 2659 variae
1651 2594 1836 2669 Robint'ae,
1873 2597 2036 2674 fraxini,

262 2705 408 2788 Populi,
443 2707 579 2778 Acera,
604 2703 763 2774 Platani,
814 2699 857 2767 ad
879 2699 1049 2766 sinistram
1071 2699 1272 2770 humiliores
1297 2707 1479 2780 Coluteae,
1511 2707 1636 2779 Corui,
1667 2705 1857 2770 Lonicerus
1880 2706 2036 2785 frutices,
2124 2721 2125 2728 ’

262 2837 346 2906 quas
360 2813 448 2880 inter
458 2815 688 2878 Liriodandra
705 2807 866 2893 eminent;
885 2813 1000 2892 Cytisi,
1011 2813 1135 2888 Rosne,
1159 2815 1332 2896 Spiraene,
1345 2817 1457 2890 Ribes,
1472 2817 1639 2890 Cercides,
1656 2814 1852 2882 Celtidesad
1866 2815 2036 2885 sinistram

261 2949 406 3015 magnae
425 2940 543 3013 portae
560 2939 639 2988 sunt
655 2918 847 3010 dispositae.
891 2921 943 2988 td
959 2923 1111 2987 Caurum
1128 2919 1164 2987 in
1187 2923 1425 2990 hortiambitu
1449 2927 1573 2999 Tilias,
1608 2929 1767 3006 Ostryas,
1802 2929 1941 3003 Ulrnm,
1973 2933 2039 2994 Be·

263 3039 355 3103 tulas
367 3033 541 3111 invenies,
568 3033 662 3100 hisce
679 3031 715 3099 in
731 3032 895 3102 interiore
912 3056 991 3098 area
1011 3030 1183 3121 oppositas
1201 3037 1336 3096 Prunos
1348 3051 1379 3099 et
1395 3039 1515 3115 Pyros.
1570 3033 1756 3121 coniferae
1786 3043 1885 3126 atq'ue
1910 3041 2038 3105 Galbu-

261 3145 389 3236 liserae
430 3146 535 3214 linem
572 3167 688 3214 versus
726 3147 913 3221 Occasum,
968 3145 1097 3208 Salices
1130 3141 1283 3230 aliaeque
1323 3144 1487 3233 angulum
1528 3145 1572 3211 ad
1615 3148 1783 3212 Occasum
1814 3147 2033 3233 hybernum,

264 3265 444 3352 occupant.
525 3261 600 3328 Hae
643 3279 727 3324 vero
766 3255 907 3323 arbores
945 3252 1023 3322 licet
1057 3251 1179 3320 iisdem
1221 3255 1284 3320 sub
1325 3253 1579 3322 conditionibus
1616 3273 1756 3335 enatae,
1808 3256 1942 3325 varium
1977 3277 2038 3326 'ta-

258 3397 340 3442 men
375 3386 538 3464 ceperunt
580 3369 852 3450 incrementum
915 3363 1121 3442 nonnullis,
1181 3361 1230 3430 uti
1270 3367 1412 3449 Populis
1451 3368 1684 3456 Fraxinisque
1715 3366 1751 3433 in
1787 3371 1848 3438 XL
1887 3387 1919 3437 et
1946 3371 2034 3438 ultra

261 3485 416 3572 pedum,
454 3481 555 3558 aliis,
600 3479 650 3546 uti
684 3481 887 3568 Quercubus
916 3493 947 3542 et
985 3479 1080 3541 Pinis
1102 3472 1160 3539 vix
1180 3472 1218 3540 in
1243 3474 1423 3572 dimidiam
1448 3473 1660 3545 altitudinem
1689 3479 1834 3556 evectis,
1877 3481 1915 3548 id
1941 3479 2036 3573 quod

264 3591 297 3663 ei
330 3590 381 3658 rei
416 3589 638 3659 tribuendum
674 3587 830 3666 videtur,
883 3584 976 3678 quod
1008 3584 1071 3651 hae
1106 3609 1179 3652 non
1205 3611 1246 3653 ex
1278 3603 1427 3657 semente
1459 3588 1619 3657 educatae
1648 3590 1707 3657 sed
1758 3591 1841 3656 dum
1871 3592 2034 3660 arbuscu-

263 3703 317 3774 lae
334 3709 404 3794 jam
424 3715 532 3772 essent
544 3718 653 3770 terrae
670 3698 849 3767 mandatae
862 3713 956 3780 sunt;
980 3718 1082 3788 quarn
1096 3693 1297 3765 incrementi
1316 3697 1492 3790 segnitiem
1510 3723 1550 3768 eo
1569 3700 1673 3790 magis
1692 3701 1867 3794 lugemus,
1889 3703 1983 3792 quod
1998 3702 2035 3775 in

265 3837 307 3884 eo
337 3814 414 3910 ipso
443 3817 523 3886 loco
539 3813 706 3907 plantatae
726 3809 881 3886 fuerunt,
905 3830 974 3899 quo
1000 3806 1135 3876 adultae
1157 3807 1393 3889 Libonotum,
1414 3807 1595 3877 inimicum
1609 3828 1765 3890 ventum,
1791 3835 1906 3880 arcere
1930 3815 2034 3883 debu·

265 3925 378 3998 iasone
429 3933 551 4021 Neque
575 3924 611 3995 in
640 3923 693 3993 his
719 3919 940 3991 solummodo
960 3917 1046 3987 coeli
1065 3919 1173 3987 nostri
1189 3919 1425 4012 intemperiem
1443 3921 1656 4012 experimur,
1679 3948 1759 3991 nam
1783 3924 1902 4011 hyems
1917 3925 2035 4015 inique
2121 3924 2124 3930 ’
2187 3958 2192 3966 ·
2254 3921 2256 3938 “

264 4036 354 4108 niuis
373 4039 528 4132 a'e‘risque
545 4037 650 4129 tepidi
666 4031 920 4108 vicissitudine,
943 4054 1005 4098 ver
1022 4028 1121 4098 tardo
1135 4031 1251 4122 algore
1272 4031 1449 4111 infestant,
1489 4034 1533 4100 ita
1556 4051 1593 4101 ut
1611 4037 1798 4103 Ailnntltua
1812 4040 2034 4123 glandulosa,

266 4155 517 4229 Gladitscbiae,
562 4152 709 4218 Praxioi
741 4146 874 4240 plures,
915 4145 1065 4234 Catalpo
1106 4141 1305 4232 cordifolia,
1352 4149 1552 4234 Elaeagnus
1585 4143 1832 4234 angustisolia,
1876 4151 2033 4223 Platani,

265 4269 454 4355 amygdali
484 4261 639 4354 aliaeque
675 4265 923 4353 saepenumero
954 4254 1034 4347 gelu
1064 4277 1216 4347 gemmas
1243 4257 1399 4350 perdant.
1467 4257 1684 4348 Specierum,
1725 4273 1808 4345 quas
1836 4257 2034 4325 arboretum

267 4373 341 4452 alit,
372 4379 442 4462 jam
474 4376 563 4444 ultra
596 4379 684 4446 ΠΛ.
709 4399 741 4470 g.
777 4372 897 4438 Ulmos
921 4384 960 4453 9,
1002 4371 1146 4436 Botulus
1168 4379 1229 4447 15,
1279 4373 1404 4437 Salices
1433 4382 1494 4454 90,
1536 4373 1652 4436 Ascra
1673 4377 1736 4443 110,Δ
1781 4369 1946 4446 Robinios
1970 4379 2033 4444 18,
2117 4401 2122 4407 “·

266 4485 401 4556 Prunoa
424 4497 484 4564 24,
522 4488 657 4553 Carnos
691 4497 753 4561 14,
800 4487 1072 4558 Loniceras15‚
1114 4483 1277 4566 Spiraens
1303 4491 1342 4554 16
1364 4481 1425 4548 rel.
1461 4501 1695 4546 numeramus.
1753 4475 1913 4543 Arboreti
1939 4479 2034 4569 plan-

267 4595 396 4666 tatione
427 4601 499 4682 iam
532 4599 685 4668 absoluta
721 4595 859 4662 arbores
886 4590 1072 4685 pomiferas
1107 4591 1144 4659 in
1168 4599 1332 4660 ¹arearum
1367 4589 1523 4681 margine
1557 4587 1760 4679 posuimus,
1804 4583 1934 4678 duplici
1960 4603 2038 4656 scos

268 4732 335 4806 po,
375 4723 412 4774 ut
444 4709 618 4777 Pomonae
653 4706 764 4777 studio
796 4702 877 4773 inde
914 4699 1044 4791 aliquid
1066 4699 1217 4769 utilitatis
1244 4701 1562 4788 afferamus-utque
1597 4693 1713 4762 herbis
1750 4695 1911 4762 umbram
1942 4722 2032 4789 spar.

266 4833 401 4908 gerent,
451 4841 534 4909 quas
575 4841 616 4886 ex
657 4819 758 4886 horto
791 4811 971 4909 ltoppiano
1007 4810 1190 4880 Eiohststio
1219 4811 1289 4877 huo
1327 4811 1453 4878 delatas
1490 4809 1598 4876 hilare
1629 4806 1757 4896 cepisse
1782 4804 2030 4875 incrementum

268 4947 370 5020 atque
390 4929 538 5030 optimos
554 4933 619 5018 iaus
634 4929 833 5026 produxisse
844 4927 973 5000 fructus
989 4947 1030 4996 eo
1045 4921 1216 4998 lubentius
1239 4937 1418 5000 notamus,
1450 4919 1546 5013 quod
1561 4919 1604 4990 de
1630 4917 1703 5012 agri
1730 4913 1841 4984 nostri
1863 4915 2032 4987 sterilitate
