4556 5514
862 469 1427 549 ...ρ-...ς-

278 731 379 810 atque
401 707 583 810 ampliores
605 713 698 786 horti
720 710 872 783 Botanici
894 719 1083 780 evaserunt.
1127 705 1235 776 Missa
1268 707 1371 800 igitur
1393 727 1510 781 eorum
1541 709 1891 807 consuetudine,·qui
1920 713 2042 787 lrortos

274 841 452 912 botanicos
475 841 597 934 plantis
619 839 840 910 solummodo
858 830 1239 912 medicinalibusaliive
1262 837 1448 906 commodo
1472 837 1658 909 domestico
1683 841 1852 909 destinatis
1874 842 2041 912 instruen·

277 965 339 1034 dos
376 967 572 1044 censebant,
599 991 639 1034 eo
673 985 812 1029 omnem
844 979 985 1052 operam
1015 958 1163 1052 dirigere
1183 961 1295 1045 visum
1319 978 1382 1039 est,
1421 977 1458 1031 ut
1499 982 1706 1054 quantum
1750 965 1855 1033 lieri
1898 983 2047 1057 posset

272 1089 471 1180 plurima
506 1085 816 1178 vegetabilium
851 1097 1011 1175 genera
1040 1082 1278 1163 mirabilis,
1308 1110 1414 1177 quas
1448 1088 1561 1156 alma
1592 1106 1723 1158 mater
1743 1095 1915 1158 Natura
1947 1112 2042 1181 pro·

272 1225 487 1285 creasset,
538 1207 764 1278 varietatis
809 1207 968 1276 formas
1004 1217 1241 1301 'earumque
1280 1211 1610 1282 diversissimos
1649 1237 1784 1283 nexus
1827 1213 2039 1283 rationes·

270 1357 351 1424 que
395 1332 672 1411 exhibentia,
721 1347 938 1424 tamquam
974 1333 1111 1406 totius
1155 1333 1276 1428 regni
1318 1337 1590 1426 vegetabilis
1634 1338 1873 1432 imaginem
1908 1357 2038 1431 atque

270 1457 492 1549 exemplar
534 1459 822 1558 continerent
856 1475 981 1551 atque
1019 1458 1102 1527 rite
1136 1459 1356 1552 disposita
1392 1462 1603 1531 colerent.
1667 1470 1741 1533 Hac
1773 1463 1816 1533 de
1845 1489 1946 1534 causa
1975 1490 2036 1558 per

226 1629 232 1642 ·
269 1582 443 1652 saeculum
466 1590 578 1677 nupar'
598 1585 749 1676 elapsum
771 1585 885 1673 plures
908 1609 1033 1676 eosque
1055 1581 1287 1652 nobilissimos
1309 1585 1427 1654 hortos
1450 1588 1627 1657 botaniccs
1650 1589 1806 1658 conditos
1829 1579 1936 1682 guum
1970 1614 2041 1658 cer·

267 1724 363 1784 neret
385 1715 472 1778 REX
492 1727 607 1778 noster
630 1708 883 1801 augustissimus
906 1687 1246 1777 MAXlMlLlANUS
1265 1701 1497 1776 lOSEl’flus,
1513 1712 1682 1782 intellecto
1707 1731 1871 1805 quantum
1887 1713 2037 1782 utilitatis

265 1840 347 1907 iude
369 1838 407 1905 in
429 1835 623 1905 doctrinam
645 1836 839 1926 plantarum
862 1825 1132 1892 redundaturum
1155 1838 1256 1899 esset,
1280 1845 1451 1913 quamque
1473 1823 1509 1890 id
1536 1825 1677 1912 dignuu'a
1697 1840 1786 1908 tores
1805 1835 2038 1905 saluberrimi,

265 1963 360 2031 Suis
390 1985 454 2053 pro
482 1962 613 2054 populo
638 1952 746 2028 curis,
769 1950 920 2020 condere
941 1951 1077 2016 bortum
1101 1945 1299 2015 botanicum
1322 1951 1570 2016 Monaceusem
1589 1950 1755 2034 decrerim
1789 1962 1882 2041 quad
1903 1960 2039 2051 regium

140 2093 145 2100 '
215 2057 221 2064 ἰ
270 2087 451 2156 consilium
473 2079 652 2171 quomodo
673 2075 830 2147 effectum
854 2071 973 2148 luerit,
997 2089 1028 2138 et
1050 2053 1219 2162 quaenam
1241 2070 1283 2139 sit
1302 2096 1458 2158 praesens
1478 2074 1569 2141 illius
1592 2072 1761 2150 conditio,
1784 2073 1876 2144 hisce
1898 2083 2036 2170 pagellis
2160 2109 2164 2116 ·

269 2208 460 2280 describere
480 2205 518 2271 in
533 2229 597 2274 nos
612 2203 832 2293 suscepimus,
843 2195 967 2290 partim
990 2212 1028 2263 ut
1044 2196 1202 2264 scientiae
1219 2197 1319 2263 amici
1338 2195 1419 2264 iude
1434 2217 1689 2290 cognoscerent,
1703 2201 1905 2291 quidllscro
1917 2205 2037 2274 Florae

195 2411 199 2420 ¹
268 2333 391 2403 Amico
408 2330 585 2404 deberent,
607 2350 646 2395 ac
666 2350 753 2414 quae
770 2323 961 2391 studiorum
984 2320 1126 2389 facilitas
1145 2321 1225 2388 inde
1244 2321 1325 2410 ipsis
1343 2331 1553 2410 proveniret,
1574 2325 1699 2415 partim
1718 2350 1800 2394 vem
1817 2325 1916 2393 etiam
1931 2351 1975 2394 ne
1989 2329 2037 2396 ob

270 2457 414 2526 nimiam
431 2451 572 2530 viriani
587 2474 722 2521 summa
739 2447 841 2532 huius
856 2444 948 2512 horti
964 2444 1152 2512 instruendi
1166 2468 1249 2510 cura
1269 2445 1377 2511 delata
1394 2447 1473 2524 luit,
1497 2449 1739 2517 Botanicorum
1757 2449 2035 2540 germanicorum

266 2578 438 2656 Nestoris,
455 2573 901 2665 reriltAEqudeScusma,
924 2571 1125 2638 modestiam
1145 2569 1187 2636 dc
1210 2592 1246 2635 re
1269 2566 1422 2637 sileretur
1443 2572 1566 2638 eximia
1589 2571 1693 2663 inque
1714 2575 1843 2666 patriae
1864 2574 2037 2665 ipsiusque

269 2717 511 2773 oruamentum
540 2697 706 2789 perlecta3
736 2696 900 2784 denique,
936 2711 991 2771 ut,
1027 2717 1134 2785 quae
1165 2693 1270 2762 huic
1306 2694 1437 2762 borto
1469 2693 1742 2767 imminerent
1779 2698 2035 2768 discrimina

266 2827 621 2920 indigitaremus,
652 2837 684 2888 et
712 2819 908 2910 aequalibus
944 2823 1023 2904 ejus}
1045 2818 1271 2894 necessitates,
1307 2819 1449 2908 posteris
1479 2837 1610 2910 gratum
1635 2847 1713 2914 erga
1740 2827 1811 2910 ejus
1840 2823 2034 2893 conditores
2065 2801 2073 2818 ’

134 2937 137 2948 ’
270 2953 425 3021 animum
449 2943 865 3025 commendaremus3-cui
882 2941 1020 3032 quidem
1043 2941 1179 3032 negotio
1204 2966 1244 3008 eo
1267 2943 1437 3010 lubentius
1459 2969 1525 3011 uos
1546 2947 1876 3038 praestamus,quod
1898 2949 1969 3016 lere
1991 2949 2036 3016 ab

269 3075 344 3165 ipso
382 3070 554 3162 principio
588 3067 776 3138 muniendo
804 3067 886 3134 huic
914 3067 1014 3132 horto
1037 3064 1304 3154 instruendoqus
1331 3065 1558 3133 interfuimus.
1617 3075 1824 3137 Nectamen
1846 3092 1909 3155 est,
1940 3078 2033 3168 quod

269 3221 472 3272 vereamur,
495 3219 538 3262 ne
560 3193 661 3260 nimis
683 3209 801 3262 nostro
823 3191 905 3258 huic
926 3193 1027 3257 horto
1051 3188 1230 3292 indulgere
1251 3188 1444 3279 videamus
1466 3189 1568 3260 bonis
1590 3192 1682 3261 euim
1704 3193 1806 3263 rebus
1835 3213 1868 3267 et
1897 3199 2031 3270 liberali

187 3376 191 3388 .
267 3323 380 3394 studio
403 3321 515 3414 dignis
537 3341 716 3410 uunquam
738 3315 840 3390 nimis
862 3324 974 3388 lavere
995 3337 1186 3406 postumus·

630 3923 1050 4038 I.Horti
1156 3923 1665 4041 Historia.

267 4269 350 4438 N
353 4375 439 4444 ullus
457 4373 630 4466 prioribus
653 4375 864 4466 temporibus
878 4375 1057 4447 Monachii
1080 4375 1185 4448 extitit
1204 4375 1325 4444 hortus
1343 4373 1537 4452 betuniam,
1560 4389 1592 4442 et
1613 4371 1666 4441 vel
1687 4371 1827 4440 hortum
1851 4371 2023 4443 medicum

264 4485 395 4556 ibidem
419 4487 652 4563 desiderabas,
681 4487 709 4552 si
733 4490 877 4577 paucula
900 4513 1006 4580 eaque
1028 4489 1145 4568 exilia,
1176 4512 1262 4580 quae
1282 4485 1501 4579 botanoplrili
1523 4483 1644 4574 plantis
1669 4483 1927 4552 medicinalibus
1951 4505 2024 4549 mu·

263 4601 414 4674 nicrant,
433 4597 601 4686 exciperes
613 4595 793 4682 viridaria3
811 4623 873 4667 nec
884 4599 1083 4667 Academiae
1094 4624 1184 4667 anno
1196 4601 1429 4667 MDCCLlXa
1444 4597 1756 4664 MaxtMtLulno
1768 4599 1958 4662 JOSEPHO
1968 4597 2024 4658 Ill.

264 4715 449 4779 Euecroaa
472 4709 642 4784 conditae,
670 4731 758 4800 quaa
779 4731 901 4798 parum
924 4710 1104 4777 Botanioae
1128 4733 1251 4800 operae
1272 4708 1426 4783 navavit,
1448 4707 1565 4774 datum
1587 4705 1664 4780 luit,
1687 4704 1824 4772 bortum
1848 4707 2024 4774 iustruere.

264 4821 603 4891 MAXlMlLlANUS
622 4827 648 4886 1.
671 4843 754 4887 vero
776 4821 1008 4900 sosarnus,
1031 4825 1137 4897 REX,
1159 4844 1284 4911 quum,
1306 4817 1488 4884 instaurata
1498 4817 1719 4883 MDCCCVll
1741 4815 2021 4883 &Academia

261 4931 410 5010 boica,
435 4954 499 5022 pro
522 4928 646 4998 eximia
668 4954 728 4998 sua
749 4930 947 5004 liberalitate
969 4932 1167 5026 quarumiis
1188 4930 1365 5001 literarum
1393 4925 1504 4998 studio
1526 4927 1736 5006 consuleret,
1764 4927 1905 4995 bortum
1925 4929 2020 4998 bots·
