4556 5514
835 492 1426 570 *lp-...-

253 733 337 837 nis,
353 779 457 850 qssam
472 753 579 823 nostri
594 747 1291 843 nemine'Ehsgsrsenwirshschets
1312 741 1529 850 nuncupant,
1552 759 1729 842 innititur,
1752 785 1834 855 agro
1855 785 1937 858 post
1953 767 2014 840 dn·

241 883 355 940 'orum
381 881 556 937 annorum
585 889 727 934 messem
751 879 898 929 cessante
926 881 1025 958 etque
1048 883 1137 935 tanta
1164 868 1332 937 celeritate
1363 871 1400 937 in
1424 871 1678 940 ettormsndum
1708 893 1843 966 pratum
1880 898 2015 960 ruente,

208 971 212 980 ’
252 998 292 1052 ut
311 1005 403 1066 anno
427 996 506 1074 post
530 985 599 1054 iam
614 968 774 1038 eximiam
795 971 1054 1068 ioeni‘copiam
1082 977 1255 1068 largiatur.
1298 985 1398 1050 Hanc
1431 981 1569 1074 quidem
1598 981 1800 1052 industriam
1829 988 1902 1078 agri
1936 996 2017 1058 Mo.

241 1081 564 1164 'nscensie‘·'rustici
592 1080 685 1171 sequi
721 1105 793 1149 non
827 1085 936 1154 solent
960 1088 1064 1154 trium
1089 1111 1260 1156 annornm
1290 1093 1398 1182 spatio
1429 1112 1615 1180 sementem
1644 1111 1825 1174 mutantes,
1894 1120 2016 1189 quarto

255 1203 443 1301 quintoque
460 1209 643 1272 cessantes,
666 1208 811 1260 attamen
833 1195 950 1264 similis
975 1203 1042 1285 jam
1066 1199 1138 1291 agri
1162 1199 1196 1293 in
1217 1199 1434 1271 efformando
1462 1224 1560 1296 prato
1585 1205 1788 1293 protervitas
1810 1208 1913 1296 inque
1939 1235 2018 1300 pro-

242 1309 407 1384 creandis
422 1306 483 1385 iis,
506 1329 592 1397 quae
604 1313 754 1372 aratrum
769 1327 959 1396 praeparet,
972 1311 1127 1401 segnities
1143 1311 1304 1378 cernitur.
1339 1313 1439 1382 Horti
1456 1340 1538 1383 vero
1556 1315 1682 1394 nostri,
1705 1317 1763 1408 qui
1779 1338 1876 1386 antea
1893 1322 2017 1389 eodem

251 1425 326 1494 solo
341 1417 505 1494 naturali,
529 1415 624 1506 quod
639 1414 736 1483 omni
746 1417 904 1486 Bevsriee
920 1420 1122 1510 subalpinae
1133 1446 1318 1491 commune
1332 1424 1492 1502 diximus,
1509 1429 1678 1517 gaudebat
1696 1451 1774 1519 eger
1794 1431 1839 1496 ob
1858 1455 2018 1522 magnam

249 1535 367 1626 glebae
384 1529 491 1624 putris
513 1526 693 1596 laetamine
721 1529 919 1597 emendatae
940 1529 1068 1597 illatam
1091 1532 1226 1623 copiam
1243 1559 1337 1603 nunc
1363 1553 1411 1603 est
1437 1533 1541 1604 valde
1571 1537 1708 1630 pinguis
1742 1557 1841 1631 etque
1877 1544 2019 1620 fertilis,

200 1659 204 1714 ἶ
248 1645 294 1714 lla
315 1660 368 1721 1¹¹
391 1644 602 1715 (lutumst,
625 1637 662 1704 ln
682 1636 892 1728 gignendum
914 1657 1050 1733 pratum
1071 1642 1317 1732 pronissimus,
1341 1645 1470 1724 cuivis,
1493 1673 1582 1739 quae
1601 1649 1803 1718 fertilitatem
1829 1655 2018 1724 solummo-

249 1759 295 1827 do
314 1755 379 1824 sibi
397 1755 521 1846 poscit,
545 1751 714 1828 culturae,
722 1775 839 1846 quern
856 1753 948 1812 berti
963 1752 1113 1813 botanici
1133 1751 1238 1838 magis
1261 1765 1303 1814 sst
1320 1746 1474 1814 idoneus
1520 1761 1634 1835 Quum
1658 1760 1751 1828 enim
1776 1762 1812 1827 in
1838 1764 1894 1829 [θῇ
1913 1765 2015 1832 hom,

248 1869 368 1960 stirpes
382 1863 629 1934 diversissimae
643 1857 770 1921 indolis
791 1854 859 1923 coli
878 1851 1033 1930 debeant,
1048 1871 1156 1931 terra,
1191 1878 1277 1945 quae
1298 1856 1431 1926 diversa
1455 1859 1551 1932 nullo
1567 1861 1763 1932 discrimine
1782 1873 1942 1964 excipiar,
1965 1877 2016 1942 ἰο-

182 2067 185 2074 .
246 1995 341 2057 vest,
362 1978 523 2062 variaque
539 1966 704 2035 mixtione
721 1964 862 2058 singulis
880 1965 1032 2056 adaptari
1049 1965 1173 2058 possit,
1195 1967 1304 2057 qualis
1322 1958 1464 2036 arenosa
1480 1986 1546 2046 est,
1578 1971 1719 2061 reliquis
1742 1985 1902 2052 omnibus
1902 2009 2014 2084 pree·

246 2091 396 2158 ferenda.
439 2085 497 2148 Est
516 2103 600 2147 vero
625 2093 742 2145 nostra
765 2092 854 2144 terra
879 2078 963 2145 dum
989 2100 1106 2146 recens
1131 2075 1481 2146 ethumidiuscula
1447 2081 1537 2170 nigri
1557 2083 1698 2161 caloris,
1733 2089 1898 2158 exsiccata
1924 2096 2013 2164 cine·

244 2197 362 2274 rescit,
364 2193 520 2283 linguae
542 2214 666 2282 parum
690 2189 870 2265 adhaeret,
897 2211 1019 2278 sapore
1034 2204 1066 2254 et
1085 2186 1194 2257 odore
1218 2189 1453 2281 argilleeeo
1420 2193 1579 2270 vsxullo,
1608 2195 1767 2283 corporis
1798 2200 2010 2290 aliquetenus

244 2307 334 2384 reri,
356 2307 392 2372 in
408 2302 557 2399 glebulas
574 2300 759 2391 glutinosa,
796 2299 965 2367 retorrida
987 2297 1234 2376 scabriuscula,
1264 2300 1409 2369 affusam
1427 2303 1632 2396 equamcito
1649 2307 1771 2374 haurit.
1820 2310 1941 2376 Levi
1932 2339 2014 2414 agne

245 2429 319 2486 usta
334 2419 508 2485 cinereum
530 2414 684 2483 colorem
705 2409 832 2486 induit,
854 2407 989 2477 fortiori
1009 2409 1136 2476 rusum.
1184 2409 1297 2478 Acidis
1312 2413 1407 2482 haud
1423 2415 1572 2492 multutu
1590 2415 1788 2494 effervescit-
1830 2423 1934 2502 Ειιιι,
1956 2447 2013 2494 ex·
2065 2489 2069 2496 ,

244 2529 344 2624 pulsa
360 2552 465 2622 equs,
487 2523 702 2615 sequentibus
719 2537 873 2588 constare
889 2519 931 2588 cl.
949 2524 1121 2586 Ruunsnn
1137 2522 1191 2587 Μ.
1206 2520 1273 2585 D.‘
1264 2523 1416 2600 invenit·
2088 2507 2091 2515 ¹

662 2631 809 2702 Materia
821 2625 1009 2723 vegetabili
1031 2647 1063 2698 et
1083 2627 1285 2702 extractibili
1487 2639 1528 2720 d,
1555 2655 1597 2714 ve

659 2747 770 2812 Terra
790 2741 906 2808 silices
1149 2727 1151 2732 ⁸

662 2859 772 2924 'l'erra
794 2849 974 2944 argillaces
1094 2911 1097 2923 .
1221 2847 1224 2856 ’

661 2965 762 3030 Calce
785 2960 970 3029 carbonica

658 3077 764 3142 Ferro
796 3088 827 3141 et
850 3073 1075 3163 Mangonesio
1098 3074 1288 3160 oxydulatis

659 3183 792 3254 Solibus
813 3183 1017 3276 sulphuricis
1039 3202 1072 3256 et
1093 3182 1279 3274 muriaticis

1467 3337 1525 3408 οἵ,
1548 3337 1591 3400 28

1197 3431 1424 3526 Dispendlum
1486 3449 1527 3511 ι,
1548 3449 1592 3508 aa

1454 3614 1526 3674 100·
1729 3674 1734 3683 ,

366 3719 441 3806 Qua
458 3715 691 3809 disquisitione
709 3711 862 3787 elsemies
877 3725 987 3782 terrae
1002 3711 1134 3784 silicese
1150 3727 1182 3784 et
1199 3714 1398 3806 argillaoeae
1417 3711 1616 3804 quantitates
1633 3719 1723 3805 justo
1738 3717 1907 3800 minores,
1937 3723 2005 3792 cal-

239 3849 359 3897 careas
376 3829 522 3897 nimium
538 3830 647 3898 inesse
662 3828 839 3920 probatur.
881 3823 1017 3893 Silicenr
1035 3826 1218 3917 praecipue
1235 3851 1335 3917 aegre
1354 3823 1607 3905 desideramus,
1630 3834 1725 3916 cujus
1751 3831 1801 3897 rei
1820 3836 2006 3902 emendan-

237 3937 302 4006 dae
317 3940 494 4028 difficultas
510 3945 795 4027 (saxoe'reusreo
809 3937 847 4004 in
861 3959 945 4030 agro
957 3936 1162 4006 Monacensi
1173 3937 1317 4004 omnino
1336 3937 1531 4014 deficiente,
1553 3961 1617 4006 uec
1628 3939 1691 4007 nisi
1704 3945 1765 4006 ΧΠ
1780 3943 1823 4009 ab
1840 3945 2005 4012 urbeleu-

236 4045 286 4116 eis
301 4048 431 4136 obvio)
462 4051 499 4118 in
516 4050 763 4127 admiscendo,
799 4071 902 4136 quern
919 4051 1009 4116 fosse
1036 4047 1234 4116 suburbana
1250 4047 1343 4116 vehit
1364 4047 1470 4125 limo,
1492 4065 1581 4116 terre
1604 4052 1754 4119 calcares
1770 4071 1801 4120 et
1822 4055 2004 4147 argillaces

238 4177 411 4230 consuete
421 4149 439 4239 ,¹
453 4161 672 4252 adquiescere
687 4159 792 4246 jubet.
832 4162 953 4248 Neque
976 4159 1060 4226 haec
1077 4157 1297 4228 solummodo
1322 4163 1431 4226 terrae
1456 4159 1605 4230 conditio
1617 4163 1728 4232 londo
1746 4182 1864 4234 nostro
1883 4167 2002 4234 adver·

238 4289 347 4372 satur,
377 4273 473 4342 aliud
499 4273 629 4340 malurn
652 4271 745 4341 euim
776 4269 882 4359 idque
908 4266 1147 4336 aerumnosius
1163 4284 1226 4344 est,
1265 4273 1360 4360 quod
1391 4270 1582 4339 dulcedinis
1611 4295 1730 4364 expers
1755 4291 1855 4368 etque
1881 4299 2003 4368 magna

234 4402 341 4472 equae
357 4383 576 4452 subecidulee
593 4383 695 4472 eopia
707 4379 899 4475 gravidasit
912 4404 931 4446 a
945 4379 1101 4470 pluribus
1115 4377 1295 4470 stirpibus,
1315 4381 1583 4471 praesertimiis,
1606 4407 1693 4472 quae
1709 4385 1855 4452 humum
1869 4387 2004 4454 dulcem

234 4514 339 4558 arena
360 4493 500 4562 mixtam
531 4494 596 4562 sibi
624 4493 790 4584 flagitant,
834 4489 883 4558 uti
914 4491 1116 4576 Buculypts',
1157 4494 1425 4570 Mettoss'deri„
1443 4495 1569 4560 Ericae
1583 4541 1599 4572 ,
1649 4499 1821 4571 Proteae,
1862 4498 2006 4561 Hukeoe

232 4600 296 4670 rel.
311 4601 401 4670 male
419 4605 568 4674 ferenda.
614 4606 714 4672 Tales
738 4602 831 4670 enim
857 4599 977 4690 stirpes
1003 4620 1184 4694 postquam
1198 4601 1303 4669 trium
1325 4619 1513 4694 quatuorve
1536 4604 1704 4672 mensium
1724 4605 1831 4696 spatio
1851 4603 1888 4669 in
1914 4622 2004 4671 terra

233 4713 329 4782 omui
353 4737 420 4805 qus
441 4740 503 4807 per
530 4733 578 4784 est
600 4713 774 4808 diligentia
796 4729 995 4804 praeparata
1019 4713 1187 4803 plantatae
1211 4714 1370 4790 luissent,
1398 4713 1619 4804 languescere
1640 4715 1872 4786 observemus.
1924 4714 2002 4782 Pari

179 4843 183 4851 ·
234 4822 362 4892 damno
385 4842 475 4920 terra
505 4843 620 4896 nostre
646 4827 823 4916 plantare
851 4821 1037 4890 seminibus
1067 4823 1261 4890 educandas
1286 4823 1402 4898 afficit,
1434 4846 1520 4915 quse
1552 4823 1691 4914 quidem
1717 4822 1886 4892 radiculas
1914 4823 2001 4890 laete

230 4932 413 5013 emittunt,
439 4937 784 5006 durnverobumum
806 4931 979 5002 acidulem
1002 4932 1042 5000 iis
1060 4931 1228 5024 tetigerint
1251 4927 1320 5002 cito
1345 4923 1581 5013 sonabuntur.
1610 4959 1714 5030 quarn
1740 4933 1786 5000 ob
1811 4958 1948 5002 causam
1977 4957 1996 5000 e

227 5045 305 5138 plus
355 5073 463 5141 quarn
504 5053 534 5116 C
582 5053 895 5115 Melattonseurum
945 5047 1228 5136 Rhexiarumque
1257 5043 1435 5133 speciebus
1469 5072 1491 5114 a
1526 5046 1677 5116 nobiae
1708 5043 1852 5115 Brasilia
1884 5043 1991 5112 allatis
