4556 5514
841 481 1449 560 -ωῙδ--η

261 721 333 792 fere
360 717 542 792 acomilio
558 725 674 790 nosco
692 713 783 788 band
799 696 951 788 alienum
969 716 1113 788 videtur.
1157 719 1239 788 Pars
1264 721 1366 811 igitur
1382 720 1546 820 bavariae
1571 731 1743 812 australis,
1774 755 1861 830 quae
1886 735 2025 831 planior

261 831 445 902 collibusra
466 831 651 924 inaequalis
664 830 751 902 inter
763 833 896 920 Lycum
912 828 955 900 ad
971 831 1139 901 Occasum
1154 828 1311 924 interque
1329 834 1466 934 Ocnum
1493 853 1524 906 et
1540 839 1681 912 Salzacb
1707 831 1940 938 adorientem
1964 875 2027 946 ps·

258 959 319 1023 tet,
343 944 460 1036 priscis
476 943 706 1014 alluvionibus
724 941 886 1020 debetur,
905 965 992 1032 quae
1010 941 1127 1011 detrita
1150 941 1321 1012 montium
1338 943 1593 1024 calcareorum,
1614 979 1760 1042 regnum
1775 963 1820 1030 ed
1836 961 2023 1034 Meridie„

256 1055 472 1135 finientium,
484 1081 564 1130 saxa
581 1057 806 1134 advexerunt,
828 1052 979 1122 admistis
1001 1053 1075 1122 aliis
1098 1055 1142 1123 ad
1162 1053 1407 1125 formationem
1429 1066 1612 1149 quamdam
1631 1071 1825 1133 arenas-teas
1841 1091 1874 1144 et
1892 1099 2025 1167 merge.
2070 1061 2075 1072 '

253 1191 346 1237 ceam
364 1167 625 1261 pertinentibus,
645 1192 749 1260 quam
768 1181 934 1238 nostrates
948 1165 991 1236 ad
1005 1169 1183 1238 Weaxem
1197 1185 1346 1236 mentem
1360 1167 1449 1238 inter
1462 1193 1583 1240 saxum
1600 1174 1796 1242 arenarium
1817 1179 2023 1266 quadratum

254 1281 614 1370 (Quadersaudstein)
637 1298 669 1350 et
679 1279 812 1358 varium
827 1278 994 1363 (buntem
1015 1278 1215 1359 Sandstein)
1230 1277 1471 1351 intermediam
1487 1307 1559 1352 esse
1571 1283 1858 1365 existimaverunt
1881 1293 2024 1362 receuti·

256 1419 332 1464 ores
348 1412 479 1476 autem,
499 1410 661 1463 monente
677 1394 717 1463 cl.
728 1393 771 1466 de
785 1396 972 1469 Waanan,
994 1391 1198 1461 nostratium
1214 1391 1450 1484 Geologorum
1463 1391 1635 1486 principe.
1659 1395 1803 1467 omnino
1819 1421 1884 1491 pro
1899 1403 2023 1477 eadem

250 1507 458 1578 formatione
479 1507 623 1583 babent,
640 1530 726 1598 quaa
742 1529 835 1576 noro
851 1503 1020 1573 vocabulo
1038 1503 1233 1574 Melasse
1257 1522 1486 1597 nuncupatur.
1528 1510 1568 1574 ln
1587 1507 1804 1582 efformando
1824 1531 1908 1582 tero
1935 1539 2020 1608 agro

250 1619 455 1691 Monam}
474 1636 620 1712 quatuo,
636 1617 819 1710 praecipuo
833 1611 976 1683 flumina
992 1611 1163 1682 viciniora
1185 1613 1291 1707 egisse
1306 1616 1515 1686 censendum
1533 1635 1596 1697 est,
1619 1621 1767 1700 Wiirm,
1789 1623 2023 1706 Ambronem,

250 1731 399 1804 Loisach
415 1748 449 1800 et
461 1742 600 1800 Isaram.
643 1733 736 1796 Haec
760 1716 852 1786 enim
865 1715 985 1785 ultima
999 1719 1130 1811 inipsis
1147 1727 1281 1810 alpibus
1299 1727 1458 1799 calcareis
1474 1728 1623 1800 oriunda
1641 1724 1721 1798 sexa
1743 1731 1895 1803 calcares
1922 1736 2024 1806 adre-

251 1843 317 1922 xit,
337 1843 485 1912 Loissch
498 1865 560 1906 suo
575 1842 612 1900 in
629 1830 752 1902 itinere
766 1852 904 1924 magnas
926 1853 1065 1921 mergae
1087 1829 1266 1898 induratae
1289 1853 1370 1900 cum
1394 1855 1477 1902 saxo
1499 1842 1652 1910 calcareo
1678 1841 1880 1917 alternantes
1912 1850 2022 1918 moles

249 1980 329 2025 cum
347 1959 498 2027 roderet,
530 1966 710 2037 margacea
731 1967 870 2036 quoque
894 1959 1014 2021 atrata,
1055 1939 1165 2008 asitu
1184 1941 1393 2036 horizontsli
1418 1967 1542 2036 parum
1571 1947 1738 2016 declinata
1762 1958 1938 2038 condidit,
1967 1959 2026 2028 vel
2132 1987 2138 1994 -

249 2070 374 2136 elotam
390 2082 543 2150 mergam
565 2080 626 2148 per
646 2058 775 2128 attritas
790 2057 958 2127 calcareas
967 2054 1098 2146 glareas
1114 2051 1245 2144 sparsit.
1287 2060 1328 2124 ln
1350 2056 1750 2145 majori·altissimorum
1771 2070 1943 2138 mentium
1971 2067 2025 2138 vi.

248 2179 337 2250 cinis
355 2171 461 2265 lapilli
479 2194 617 2264 mergae
634 2193 701 2259 ope
713 2170 751 2237 in
771 2157 892 2238 saxum
915 2165 1165 2258 conglomerati
1178 2183 1277 2245 sunt,
1314 2169 1408 2259 quod
1430 2167 1564 2238 Helveti
1583 2169 1721 2259 Nagel
1733 2170 1749 2237 f
1753 2168 1857 2242 lube
1882 2173 2023 2257 dicunt,

245 2271 441 2382 passimque
462 2298 553 2350 terra
570 2282 721 2350 calcares
749 2279 989 2350 evehentibns
1016 2277 1111 2370 aquis
1138 2276 1357 2370 praecipitata
1384 2277 1422 2345 in
1451 2277 1566 2370 ampla
1590 2279 1688 2371 tophi
1722 2296 1823 2349 strata
1852 2281 2020 2357 induruit.

244 2407 293 2468 lta
313 2397 416 2492 igitur
431 2416 576 2465 omnem
595 2392 772 2484 regionem
788 2390 894 2460 bodie
911 2388 1328 2486 Monacbiotadjscentem
1349 2390 1477 2458 horum
1502 2390 1672 2460 montium
1692 2392 1931 2476 ruderatione,
1964 2399 2021 2467 cui

244 2527 379 2601 praeter
388 2507 579 2573 inmensam
591 2505 824 2574 calcareorum
839 2507 1113 2594 fragmentorum
1128 2499 1368 2594 paucalapidis
1378 2503 1507 2580 cornei,
1518 2503 2021 2597 cornei-spatosi(Hornblend

246 2621 416 2703 scbiefer)
446 2616 516 2684 saxi
537 2616 676 2684 micacei
699 2613 1058 2700 (Glimmersebiefer)
1082 2631 1113 2686 et
1127 2612 1257 2698 Quarzi
1283 2611 1440 2680 immixta
1462 2612 1686 2684 inveniuntur
1703 2619 1906 2709 specimina,
1933 2634 2019 2690 'con-

246 2751 371 2801 textam
396 2728 497 2796 fuisse
524 2726 662 2795 credere
690 2725 753 2794 fas·
772 2742 832 2793 eat.
888 2724 1022 2812 Quibus
1049 2722 1182 2790 alluviis
1213 2723 1341 2791 humus
1364 2721 1555 2794 admodum
1577 2749 1685 2818 pauca
1713 2746 1812 2821 atque
1836 2731 1947 2798 tenuis
1969 2746 2019 2802 est

247 2839 509 2935 superimposita
525 2862 583 2905 sex
599 2837 651 2903 vel
668 2852 747 2902 octo
765 2835 906 2923 pollices
928 2834 1006 2898 alta.
1049 2832 1132 2918 Ripa
1150 2839 1259 2896 Isarae
1274 2832 1390 2898 dextra
1406 2832 1508 2898 altior
1525 2849 1591 2911 est,
1636 2851 1667 2902 et
1696 2837 1822 2926 passim
1841 2856 1942 2908 strata
1963 2865 2017 2910 ar·

244 2955 344 3047 gillae
360 2947 593 3038 ferrugincsse
608 2944 763 3031 plurium
780 2938 1102 3028 pedumaltitudine
1117 2940 1276 3007 continet.
1318 2938 1433 3008 Altera
1458 2945 1569 3011 lsarae
1593 2942 1669 3035 ripa
1700 2947 1813 3016 minus
1845 2950 2016 3020 foecunda

244 3063 525 3132 versusCaurum
550 3053 586 3118 in
606 3050 865 3141 vastaspaludes
885 3049 1117 3128 subturfosas,
1151 3051 1332 3120 Dacbauer
1353 3055 1460 3120 Meos
1483 3051 1611 3132 dictas,
1645 3059 1809 3135 excurrit,
1846 3061 1952 3130 altero
1985 3061 2023 3131 in

244 3172 341 3242 durii
364 3171 467 3236 latere
492 3162 661 3230 similibus
694 3161 965 3252 (dasErdinger
994 3165 1124 3248 Meos)
1145 3162 1383 3252 excipiendae,
1422 3187 1569 3255 quarum
1599 3167 1739 3256 quidem
1765 3167 1887 3240 limites
1914 3191 2017 3266 atque

242 3285 450 3356 fluviorum,
490 3297 576 3365 quos
602 3263 876 3349 nominavimus,
918 3272 1032 3341 alveos
1062 3274 1239 3362 quondam
1268 3274 1405 3343 latiores
1435 3277 1465 3343 si
1496 3275 1570 3365 quis
1598 3278 1685 3347 bene
1702 3281 1911 3372 perspexerit
1926 3283 2012 3354 olim
2074 3283 2080 3298 '

243 3397 413 3484 bicaquas
428 3387 465 3454 in
473 3401 605 3452 vastum
618 3383 731 3452 lacum
742 3383 896 3452 collectas
913 3381 1014 3452 fuisse
1025 3407 1090 3474 pro
1101 3401 1192 3461 certo
1212 3385 1363 3454 habebit.
1406 3391 1525 3478 Neque
1542 3389 1648 3458 hodie
1667 3392 1816 3458 omnein
1832 3393 2011 3484 regionem

243 3500 501 3600 imperiumhos
516 3493 638 3562 fluvios
656 3492 844 3584 perdidisse
858 3492 899 3559 iis
916 3492 1099 3582 paludibus
1122 3492 1362 3579 confirmatum
1385 3495 1430 3562 ita
1452 3514 1490 3564 ut
1514 3521 1633 3589 agrurn
1649 3499 1705 3565 bic
1730 3499 1838 3567 nimia
1863 3504 2013 3574 humidi·

125 3645 133 3664 ¹
243 3637 306 3687 tate
314 3616 492 3684 laborare,
507 3607 577 3674 illic
590 3614 606 3689 (
617 3607 651 3672 in
664 3603 1007 3689 editioribus)nimia
1022 3603 1354 3684 siceitat020bservsri
1371 3605 1497 3696 possit,
1520 3632 1599 3676 nam
1610 3609 1744 3701 glareae
1766 3636 1943 3704 paucaque
1961 3618 2014 3685 in·

241 3747 341 3799 strata
356 3727 483 3792 humus
499 3717 683 3787 retinendis
698 3714 822 3808 pluviis
840 3715 936 3806 aquis
962 3738 1086 3806 parum
1114 3733 1192 3783 sunt
1209 3732 1306 3808 aptae
1321 3739 1442 3809 easque
1461 3717 1613 3788 celeriter
1640 3721 1899 3793 transmittentes
1928 3751 2013 3798 mox

242 3847 284 3914 nd
306 3840 458 3934 priorem
476 3830 655 3900 siccitatem
675 3829 828 3897 redeunt.
881 3830 975 3894 Haec
992 3824 1205 3919 siccioragri
1224 3853 1302 3921 pars
1319 3830 1362 3898 ab
1379 3829 1465 3899 urbe
1488 3855 1604 3901 versus
1628 3833 1814 3904 Meridiem
1839 3837 2012 3910 extollitur

240 3973 272 4026 et
285 3950 410 4047 passim
426 3943 547 4020 vastis,
578 3965 642 4010 nec
669 3957 784 4008 tamen
806 3937 884 4008 laeti
914 3937 1136 4028 incrementi,
1191 3939 1379 4010 frondescit
1421 3941 1581 4024 saltibus,
1625 3970 1711 4038 quos
1736 3949 1860 4020 amisso
1883 3939 2009 4022 sensim

241 4071 431 4152 sensimque
464 4057 630 4124 arborum
670 4051 914 4121 frondosarum
949 4053 1476 4130 ornamento,succrescentibus
1513 4057 1736 4128 solummodo
1759 4062 2010 4147 pinis,mutari

201 4171 389 4248 'saltuarii
409 4169 535 4238 dolent.
578 4167 684 4232 Terra
700 4163 822 4256 igitur,
858 4189 944 4256 quse
962 4163 1203 4258 vegetabilibus
1218 4164 1427 4236 nutrimento
1445 4191 1516 4276 esse
1532 4186 1659 4260 posset,
1705 4195 1814 4264 quum
1838 4174 1939 4243 exilis¹
1954 4173 2006 4254 sit,

238 4289 330 4358 baud
350 4283 477 4352 mirum
501 4281 536 4345 in
555 4301 636 4370 agro
658 4293 776 4344 nostro
794 4297 934 4343 avenam
957 4292 1025 4352 ter,
1048 4276 1155 4344 secale
1172 4275 1299 4352 sexies,
1320 4276 1470 4346 triticum
1496 4296 1528 4348 st
1551 4281 1724 4351 hordeum
1753 4284 1929 4376 quinquies
1954 4305 2011 4356 so·

238 4397 421 4469 lummodo
443 4408 628 4458 sementem
640 4387 800 4466 reddere,
812 4404 1036 4480 quamtamen
1051 4385 1256 4454 sterilitatem
1272 4411 1344 4454 non
1354 4388 1464 4456 nisiin
1474 4392 1657 4461 cerealium
1669 4393 1901 4488 aliorumque,
1921 4418 2010 4489 quae

238 4507 339 4580 aratri
356 4528 422 4596 cpe
435 4520 544 4570 terrae
567 4497 801 4576 obtrudimus,
832 4515 1000 4589 proventu
1014 4496 1229 4591 experimur;
1258 4521 1296 4568 ea
1312 4500 1404 4569 enim
1412 4502 1514 4591 hujus
1524 4504 1597 4595 egri
1606 4504 1738 4574 indoles
1753 4523 1810 4585 est,
1828 4525 1863 4577 ut
1872 4509 2004 4580 cultura

240 4641 366 4691 vacuus
388 4637 491 4701 quarn
521 4610 679 4680 citissime
707 4613 813 4679 denso
837 4607 1031 4701 graminum
1050 4609 1262 4701 aliarumque
1285 4609 1440 4705 stirpium
1454 4615 1662 4707 pratensium
1681 4617 1828 4708 tegmine
1854 4623 2006 4689 vestiatut

238 4751 337 4822 atquc
362 4723 531 4793 radicibus
558 4739 648 4790 arcte
674 4723 837 4793 contextis
866 4723 902 4790 in
926 4722 1027 4794 ¹unita
1049 4740 1081 4791 et
1109 4721 1299 4814 aequabilia
1327 4741 1423 4815 prata
1451 4725 1616 4806 virescat,
1661 4751 1764 4821 quam
1797 4731 1841 4797 ob
1866 4751 2003 4798 causam

237 4867 309 4912 non
323 4835 413 4906 silvis
427 4833 486 4900 sed
503 4831 632 4920 campis
641 4834 820 4925 originitus
836 4835 927 4903 banc
942 4835 1117 4928 regionem
1133 4838 1304 4904 obsessam
1324 4835 1428 4906 fuisse
1446 4835 1637 4907 existimare
1651 4840 1739 4908 licet.
1781 4836 1872 4906 Huic
1887 4854 2001 4908 autem

235 4948 379 5023 naturali
394 4947 430 5013 in
448 4942 669 5038 procreandis
684 4943 843 5035 stirpibus
852 4945 916 5039 legi
930 4947 1080 5016 culturae
1101 4947 1186 5016 ratio
1203 4947 1240 5016 in
1253 4946 1384 5040 alpibus
1402 4971 1442 5018 ac
1457 4947 1495 5038 in
1504 4949 1675 5018 territorio
1684 4948 1865 5041 subalpina
1877 4949 2001 5020 solem·
