4556 5514
817 513 1411 587 ··-·-···28.··-·-·

241 747 327 840 dnae
358 742 401 816 ad
418 747 611 824 'hetorum
629 743 784 834 agrique
813 743 979 815 culturam
1009 745 1146 814 faciunt.
1203 753 1277 817 Hae
1298 747 1430 820 ratione
1459 747 1614 844 primum
1645 769 1711 832 est,
1744 755 1861 844 stirpes
1892 755 2006 823 diver-

235 871 275 926 so'
294 860 357 927 sul)
376 862 480 928 coelo'
492 857 655 925 oriundas
672 873 789 921 nostro
808 855 1073 923 accommodare
1087 872 1187 946 atque
1202 858 1416 940 adsuescere,
1438 864 1475 928 in
1492 889 1560 953 quo
1577 865 1734 954 negotio,
1762 867 1838 932 licet
1848 867 2004 957 pluribus

127 1018 130 1023 -
234 993 323 1060 quae
340 971 630 1050 enumeravimus,
650 964 830 1031 obstaculis
846 963 1131 1054 impediti,haud
1150 992 1289 1036 omnem
1309 995 1448 1060 operam
1462 973 1683 1062 perdidimus.
1727 977 2004 1045 Adsuetuautem

232 1080 348 1148 faciles
362 1074 469 1143 nostri
485 1073 978 1162 c'oelitemperieiinvenimns:
1002 1081 1135 1142 :linum
1157 1078 1387 1166 cordifolium,
1406 1067 1793 1169 Acerlreteroplryllum,
1817 1093 2004 1154 Aescutum

24 1169 51 1284 ,¹⁴
151 1259 154 1268 ¹
233 1191 540 1284 mucrost'uc'ltyunt,
565 1187 816 1266 Culycnntlrum
826 1188 997 1273 floridum
1012 1211 1092 1252 cum
1113 1187 1262 1266 variett.,
1307 1193 1521 1277 Diospyrum
1535 1200 1778 1280 virginiunum,
1802 1203 2006 1280 Gymnoclc·

137 1391 144 1400 ι
229 1303 317 1364 dum
337 1304 576 1374 canadensem,
601 1298 855 1362 Liriodendron
881 1294 1120 1381 Tulipifcram,
1144 1299 1370 1388 Sclisburiam
1387 1303 1652 1392 udiontifolicm,
1680 1312 1831 1397 Thujum
1853 1317 2005 1378 occiden·
2052 1367 2057 1374 .

213 1415 356 1488 'taum
386 1415 559 1480 Fraxinus
578 1404 794 1475 delicatiores
813 1421 844 1472 et
866 1406 945 1490 rel.;
969 1424 1088 1474 contra
1112 1409 1285 1479 difficiles:
1311 1417 1487 1491 Cercides,
1520 1421 1733 1501 Diospyrum
1756 1424 1899 1498 Lotum,
1930 1425 2006 1488 Chi·

231 1525 425 1592 encastum
447 1524 667 1607 uirginicam,
693 1519 958 1585 Koelreutercm
973 1523 1233 1602 particulatam,
1266 1527 1406 1590 Vilicem
1429 1532 1572 1614 Agrium
1602 1543 1752 1610 castum,
1786 1537 2005 1618 Amorpham

225 1631 455 1722 fruticosam,
480 1633 697 1718 Elaeagnllm
713 1624 994 1712 angildilfollam‚
1030 1633 1280 1695 BGCCdlssrldGm
1301 1633 1518 1718 lvassfofissm,
1550 1645 1832 1708 Broussoneliam
1865 1647 2007 1727 papyri.

225 1735 365 1832 seium,
414 1748 596 1810 Paliurum
630 1744 836 1810 australem,
887 1741 1033 1796 Celtides
1063 1751 1095 1800 et
1123 1737 1288 1824 plurimae
1320 1737 1411 1804 alias.
1464 1744 1636 1810 Arborum
1671 1753 1847 1822 American
1875 1769 2008 1840 septen.

233 1857 373 1924 trionali
405 1854 646 1954 indigenarum
683 1844 856 1912 interdum
892 1841 992 1930 plura
1032 1844 1217 1934 specimina
1257 1847 1358 1916 nobis
1394 1853 1662 1920 communicavit
1697 1859 1843 1930 Societas
1876 1859 2008 1948 agraria

233 1968 353 2045 boica,
395 1968 438 2032 de
461 1959 667 2054 capessendo
695 1955 791 2025 omni
820 1956 913 2020 bono
946 1953 1110 2030 sollicita,
1146 1962 1243 2044 cujus
1266 1984 1345 2052 erga
1374 1963 1513 2030 hortum
1546 1983 1702 2032 nostrum
1725 1967 1836 2034 studia
1872 1993 2006 2038 summa
2058 2001 2061 2007 ·

232 2079 335 2160 laude
367 2091 531 2167 gratoque
569 2069 685 2138 animo
722 2065 1048 2136 commemoramus.
1117 2070 1272 2136 Phormir'
1312 2077 1457 2149 tenacis,
1490 2076 1620 2164 plantae
1647 2077 1802 2146 liniferae
1837 2105 1877 2148 ex
1907 2086 2007 2148 Nova
2105 2087 2108 2093 ’

233 2185 410 2258 Seelandiu
435 2187 679 2256 aFonsrsnrs,
714 2188 847 2246 Cocuro
869 2177 1063 2252 navarcho,
1093 2175 1130 2243 in
1157 2184 1333 2273 Europam
1365 2185 1483 2252 allatae
1506 2187 1619 2275 plures
1652 2189 1811 2278 caespites
1839 2194 1908 2272 jam
1930 2207 2007 2258 ante

232 2315 298 2367 tres
319 2321 428 2364 annos
443 2293 506 2359 sub
520 2292 630 2358 libero
653 2299 732 2357 aere
757 2295 866 2356 terrae
887 2287 1145 2366 commisimus,
1190 2292 1251 2358 ubi
1277 2296 1400 2361 laetum
1423 2294 1668 2367 incrementem
1691 2298 1885 2388 capientes,
1923 2316 2006 2389 post
2077 2365 2082 2371 ,

233 2408 484 2476 nonnullorum
501 2425 673 2479 annorum
693 2401 851 2490 spatium.
868 2423 1010 2466 messem
1026 2398 1170 2467 heudita
1191 2402 1379 2492 ignobilem
1393 2407 1610 2496 pollicentur.
1653 2389 1816 2474 Modiam
1834 2413 2003 2476 viscosum

235 2542 391 2612 quoque,
447 2539 466 2582 c
509 2519 604 2599 cujus
637 2508 824 2578 seminibus
862 2508 899 2574 in
936 2510 1076 2578 chilensi
1108 2514 1249 2605 regione
1279 2517 1395 2584 oleum
1420 2517 1622 2608 exprimitur
1649 2519 1832 2610 limpidum
1862 2519 2005 2609 usuique

236 2628 423 2700 domestica
437 2703 439 2708 ¹
453 2623 684 2714 aptissimum,
722 2618 845 2706 majori
872 2621 972 2711 copia
999 2623 1152 2712 plantare
1178 2625 1371 2718 coepimus,
1395 2649 1434 2696 ac
1448 2629 1585 2724 stirpem
1607 2628 1817 2696 utilissimam
1832 2633 2008 2700 seminum

235 2738 475 2816 distributione
499 2733 663 2800 Bavariae
683 2757 766 2822 agro
795 2734 958 2800 donatum
973 2730 1016 2798 iri
1043 2757 1230 2822 speramus.
1279 2741 1438 2804 Phaseoli
1465 2738 1597 2828 generis
1619 2740 1706 2806 ultra
1741 2744 1796 2807 CC
1825 2745 1952 2832 speeies
1975 2759 2008 2810 et

232 2845 595 2920 varietatescolimua,
626 2867 708 2933 quas
733 2845 773 2910 L.
788 2846 825 2906 tt.
842 2841 884 2908 de
903 2847 1050 2927 Jscouru
1065 2844 1166 2912 horto
1190 2847 1286 2914 dono
1303 2848 1413 2926 dedit,
1441 2871 1596 2938 ‚quarum
1632 2849 1774 2916 historia
1808 2871 1842 2920 et
1871 2855 2005 2924 cultura

228 2973 456 3048 pertractata,
490 2953 675 3024 nonnullas
702 2977 754 3020 res
782 2955 867 3021 scitu
887 2953 1303 3047 diguissimasdoctrinae
1334 2959 1376 3024 de
1399 2957 1521 3048 plantis
1546 2957 1703 3024 edulibus
1730 2983 1917 3027 accessuras
1935 2986 2006 3044 esse

234 3069 450 3138 confidimus.
520 3069 628 3134 Porro
665 3065 839 3136 variarum
870 3067 1037 3132 arborum
1075 3066 1227 3132 novellas
1256 3066 1374 3156 stirpes
1410 3067 1447 3132 in
1482 3066 1574 3133 horti
1607 3067 1799 3134 secundarii
1836 3072 2004 3159 plantario

234 3178 379 3252 nolimus
408 3203 487 3246 eum
514 3178 552 3243 in
573 3177 697 3254 finem,
720 3192 757 3242 ut
774 3173 867 3242 horti
885 3177 1037 3243 culturae
1055 3175 1181 3242 curiosi
1194 3175 1323 3244 ibidem
1341 3175 1509 3244 insitionis
1540 3193 1626 3244 artes
1644 3193 1674 3243 et
1697 3179 1838 3268 putandi
1856 3181 2003 3252 rationes

235 3305 359 3382 queant
390 3291 549 3358 ediscere.
593 3289 639 3375 lis
667 3305 797 3362 autem,
849 3285 907 3377 qui
932 3285 1025 3354 horti
1040 3285 1294 3376 opportunitate
1309 3287 1378 3362 usi,
1422 3287 1471 3354 rei
1502 3287 1681 3363 herbariae
1709 3313 1849 3376 operam
1876 3315 2002 3360 nauare
2067 3293 2070 3302 '

231 3391 465 3503 velinninde
486 3401 529 3466 ab
550 3401 636 3465 hora
657 3403 709 3464 Vl.
727 3398 771 3463 ed
792 3400 850 3462 xt.
871 3422 900 3468 a.
920 3402 972 3466 Μ.
990 3420 1117 3486 usque,
1140 3415 1172 3463 et
1187 3423 1206 3464 a
1223 3397 1336 3464 medio
1360 3395 1415 3463 die
1428 3397 1471 3463 ad
1488 3397 1611 3464 horam
1634 3401 1730 3487 le·
1749 3403 1804 3466 Μ.
1821 3427 1931 3491 usque
1942 3427 2000 3494 ps·

233 3527 288 3580 let.
352 3509 437 3578 Heio
458 3509 559 3600 igitur
584 3507 795 3596 cuicunque,
815 3507 886 3574 sive
915 3509 1091 3584 omnium,
1124 3508 1511 3598 quaealioplentarutn
1532 3508 1602 3575 sive
1625 3532 1743 3574 earum
1759 3510 2003 3588 solummodo,

236 3645 318 3712 quas
344 3603 518 3710 tamquam
562 3636 781 3711 aegrotorum
808 3619 960 3686 medelae
982 3613 1257 3686 accommodatas
1273 3615 1308 3684 in
1326 3619 1467 3709 proprie
1493 3631 1572 3687 area
1593 3618 1825 3698 distinximus,
1871 3624 2001 3690 formas

233 3732 315 3802 velit
337 3730 550 3808 examinare,
572 3731 785 3820 singularum
800 3728 972 3818 adscripto
989 3727 1086 3796 titulo
1104 3746 1135 3797 et
1154 3729 1397 3795 universarum
1408 3731 1596 3798 seeundum
1610 3750 1750 3817 systema
1762 3731 2002 3798 Linnaeenurn

233 3839 454 3936 dispositione
479 3840 729 3920 consuluimus,
761 3857 793 3908 et
814 3841 842 3908 si
866 3838 1055 3929 specimine
1072 3838 1108 3906 in
1125 3826 1298 3907 'herbario
1328 3841 1562 3908 conservanda
1576 3841 1699 3932 cupiat,
1714 3843 1913 3908 hortulanus
1928 3865 2001 3908 non

159 3935 167 3942 .
237 3953 353 4026 deerit.
385 3955 562 4043 Quotquot
582 3951 684 4045 igitur
704 3949 842 4020 virentis
855 3949 1074 4041 florentisque
1088 3955 1238 4018 Naturae
1253 3950 1404 4030 amicos,
1431 3951 1669 4028 admiratores,
1695 3951 1905 4042 indigniores
1929 3951 2007 4020 heic

226 4087 253 4138 ‘a
266 4064 483 4155 negotiorum
495 4063 583 4132 oriris
598 4087 632 4131 se
647 4086 818 4142 recreare,
841 4059 946 4128 velad
956 4061 1062 4128 ardua
1076 4063 1315 4138 corroborare,
1336 4063 1390 4129 vel
1401 4061 1600 4152 omniperae
1610 4062 1726 4130 matris
1742 4053 2004 4134 scientisimbui

232 4158 482 4270 velint'saluos¹
498 4199 568 4241 esse
591 4174 764 4258 jubemus3
827 4172 999 4240 introeant
1021 4188 1121 4264 atque
1147 4173 1251 4264 Regia
1282 4171 1520 4246 Muniliceutia
1542 4173 1725 4265 gaudeant,
1743 4161 1843 4242 “dum
1872 4171 2000 4240 horum

233 4287 424 4361 studiorum
442 4283 647 4378 jucunditate
660 4285 844 4360 nobiscum
859 4285 1030 4356 fruuntur.
