4556 5514
222 545 244 586 ·
847 459 1440 532 ΜΙὸΜ

231 716 399 802 perennes
408 729 509 784 vcro,
533 703 629 797 quasi
646 725 687 770 ex
696 700 817 768 annuis
827 697 990 791 pluribus,
1003 691 1185 761 rhizomati
1194 692 1480 784 perenniinrertir
1499 694 1722 784 comparitas,
1745 689 2004 792 aliampnrrsli,

235 835 290 887 ent
300 838 433 911 partem
445 819 613 893 annuant,
629 813 710 883 solis
719 806 867 880 semestri
882 807 1037 882 decursu,
1047 803 1223 880 evolvere,
1245 801 1281 870 in
1292 823 1498 894 promtuert.
1539 805 1671 890 Quodsi
1689 829 1771 877 vero
1788 810 1902 880 iudea
1919 820 2004 886 Ger.

235 918 902 1010 maniacam,Arorunrmlproceeserim
915 934 1086 1006 voratque
1101 931 1258 982 aestatem
1272 913 1464 1024 breviores,
1479 918 1858 1014 hyememlongiorem,
1869 940 1901 990 et
1908 927 2006 1013 plan.
2105 987 2120 1010 ι

231 1055 349 1107 rarum
374 1045 564 1107 annuarum
579 1030 658 1097 ideo
676 1026 1015 1096 vitaeterminossibi
1032 1023 1575 1122 magisapproximatoiiuvenies.
1595 1028 1739 1118 Alpinae
1748 1049 1860 1099 autem
1870 1034 2002 1105 arctici·
2084 1096 2089 1100 .
2134 1113 2138 1120 Ι

230 1147 347 1236 quoad
359 1142 444 1210 vitae
455 1141 668 1210 conditiones
683 1139 911 1214 rurrtsimiles,
934 1137 977 1204 ita
998 1153 1035 1203 ut
1053 1161 1172 1203 earum
1189 1138 1321 1205 cultura
1340 1164 1422 1230 prae
1438 1140 1600 1208 omnibus
1621 1140 1694 1209 aliis
1714 1163 1823 1212 certae
1832 1144 1962 1229 hyemis
1971 1164 2003 1216 et

174 1305 181 1318 .
229 1255 358 1324 aestatis
370 1253 493 1320 rationi
503 1250 674 1319 attendere
692 1247 826 1326 debeat,
856 1272 899 1314 ne
920 1263 1090 1338 protracta
1108 1247 1210 1316 nimis
1231 1250 1352 1334 hyeme
1370 1249 1494 1343 algore,
1521 1275 1607 1320 nere
1624 1271 1746 1322 aestate
1769 1255 2001 1326 ,emaciatione

230 1380 505 1457 corrumpantur.
549 1359 1030 1452 Quisquisigiturplantarum
1049 1358 1242 1449 alpinarum
1264 1358 1414 1428 culturae
1434 1385 1576 1449 operam
1591 1366 1737 1444 dederit,
1769 1390 1888 1434 earum
1905 1389 2004 1459 prae·

225 1500 342 1545 cocem
359 1474 422 1542 sub
445 1499 523 1568 vere
540 1471 771 1571 evolutionem
790 1471 962 1538 retardare
979 1493 1048 1538 esre
1068 1468 1307 1538 difficillimum
1319 1471 1429 1561 probe
1450 1477 1636 1566 cognoscit.
1672 1475 1902 1566 Sexifrugee,
1926 1482 2005 1544 Pri-

224 1593 358 1664 mulue,
394 1589 539 1651 Drabue
559 1633 568 1661 ,
587 1587 784 1648 Renunculi
807 1581 942 1672 plures,
966 1584 1083 1663 Bruyu
1100 1583 1220 1662 alpina
1242 1598 1275 1644 er
1304 1583 1387 1650 aliae
1401 1583 1542 1673 glaciale
1558 1587 1666 1680 frigus
1686 1588 1880 1680 diligentes,
1917 1613 2001 1680 quer

135 1787 140 1794 ἢ
229 1695 265 1766 in
279 1699 351 1790 ipsa
374 1694 478 1790 putria
499 1695 672 1786 profunda
694 1693 772 1760 nive
789 1715 898 1782 neque
916 1690 980 1754 nisi
1004 1689 1093 1756 circa
1109 1687 1289 1754 solstitium
1309 1686 1555 1774 deliquescens
1574 1698 1688 1776 *obruit
1703 1706 1848 1777 Natura,
1871 1699 2002 1767 ibidem

222 1810 261 1876 in
291 1828 370 1877 ortu
404 1807 575 1892 caniculae
610 1805 792 1871 defloratae
816 1803 944 1863 fructus
975 1795 1150 1886 perliceret
1169 1794 1356 1882 incipiunt,
1400 1796 1435 1863 in
1461 1797 2002 1890 hortisverojuminduaMnr.

223 1918 273 1987 t'io
302 1943 416 1986 mense
444 1901 587 1985 floridae
611 1929 642 1979 et
668 1911 862 1977 fructiferae
884 1930 944 1996 per
969 1905 1137 1994 reliquam
1155 1921 1310 1973 aestatem
1327 1907 1414 1976 vitae
1449 1911 1652 1999 ἒνὲρὙὲΙαν
1687 1913 1920 2004 impendentes
1936 1920 2002 1988 citu

231 2032 466 2122 languescunt.
495 2023 639 2090 ¹Eadem
666 2042 803 2111 quoque
825 2017 1048 2084 irritabilitate
1067 2017 1127 2092 lit,
1151 2033 1189 2092 ut
1205 2017 1288 2084 dum
1309 2019 1426 2086 solutis
1445 2019 1558 2110 primo
1577 2021 1665 2088 veris
1683 2025 1796 2092 calore
1811 2029 1919 2096 succis
1939 2053 2001 2096 rtu-

165 2121 168 2130 .
222 2140 320 2206 tritiie
351 2135 563 2226 germinent,
610 2133 748 2201 tardum
778 2130 928 2218 algorem
967 2127 1153 2218 aegerrime
1177 2128 1287 2196 lerant
1319 2147 1435 2221 atque,
1467 2131 1708 2224 decompositis
1737 2137 1889 2226 partibus
1913 2122 1997 2207 'tam

225 2246 369 2338 liquidis
403 2271 507 2337 quarn
536 2241 679 2318 solidis,
717 2239 896 2332 putredine
925 2237 1166 2329 corripiantur.
1224 2238 1325 2305 Tanti
1351 2239 1454 2329 igitur
1482 2268 1588 2331 quum
1606 2244 1754 2325 intersit,
1778 2266 1814 2316 ut
1833 2248 1999 2317 idoneum

231 2359 360 2427 aestatis
394 2355 800 2446 cursumadipiscantur,
840 2373 895 2416 eas
934 2373 1006 2414 non
1032 2347 1118 2413 saxis
1131 2349 1191 2415 sed
1210 2349 1285 2416 ollis
1303 2341 1555 2430 commisimus,
1587 2352 1742 2446 intraque
1756 2358 1900 2426 tabulata
1914 2383 2001 2450 quae

121 2551 125 2556 .
225 2468 493 2561 Septentrionem
510 2481 676 2558 spectant,
699 2467 874 2529 servamus
888 2459 1023 2526 ineunte
1042 2461 1164 2544 hyeme
1181 2484 1305 2558 magna
1322 2459 1409 2526 nivis
1420 2463 1634 2541 moletectas,
1645 2491 1721 2535 sero
1734 2470 1999 2538 veredenudan·

226 2582 296 2658 das,
314 2581 422 2647 immo
441 2595 522 2646 tunc
535 2579 658 2644 iterum
678 2588 928 2640 sarmentorum
947 2568 1095 2661 tegmine
1108 2593 1126 2633 a
1140 2569 1220 2636 solie
1230 2570 1333 2638 radiis
1345 2571 1570 2642 defendendas
1587 2578 1721 2644 etomni
1731 2596 1851 2646 aestate
1859 2581 1922 2648 rub
1938 2579 1998 2648 sri-

224 2718 308 2786 gore
344 2707 376 2760 et
396 2689 518 2759 umbra
544 2704 707 2778 quantum
738 2681 815 2749 lieri
845 2698 953 2770 potest
982 2677 1134 2747 tuendas.
1179 2683 1254 2766 Qua
1290 2681 1446 2760 ratione,
1477 2684 1572 2753 victis
1594 2711 1681 2776 quae
1698 2687 1784 2755 coeli
1805 2688 1913 2759 nostri
1939 2714 1998 2782 pa-

222 2821 274 2871 rat
290 2801 484 2870 vicissitudo
503 2799 702 2874 obstaculis,
726 2792 895 2886 egregiam
913 2815 1032 2858 aarum
1058 2791 1192 2890 copiam
1218 2817 1236 2860 e
1269 2794 1505 2872 Soldunellee,
1546 2802 1730 2875 Corturoe,
1761 2806 1993 2878 Androruces,

224 2919 376 2988 Arelica,
400 2917 620 2983 Rumondue,
647 2913 841 2980 Primulue,
867 2907 1027 2977 Drabue,
1050 2906 1205 2984 Brnyue,
1228 2904 1443 2980 Renunculi,
1467 2910 1691 2985 Potentillee,
1717 2913 1882 2985 Dientbi,
1915 2915 1996 2976 site-

19 3094 23 3102 Χ
117 3018 121 3024 ’
217 3047 301 3100 nes,
333 3027 481 3098 Asteris,
516 3021 725 3096 Senecionis,
757 3013 987 3102 saxifragum,
1009 3019 1223 3088 Anemones,
1247 3017 1425 3112 Hieracir',
1457 3018 1689 3099 Pediculeris,
1725 3019 1786 3087 rel.
1814 3019 1995 3109 generibus

225 3131 381 3201 colimus.

347 3301 503 3394 Denique
519 3303 640 3392 plantis
655 3299 829 3393 paludosis
845 3315 876 3367 et
896 3294 1056 3389 aquaticis
1080 3293 1260 3386 proprium
1290 3293 1352 3361 sihi
1373 3295 1489 3363 locum
1516 3314 1615 3388 atque
1642 3299 1843 3370 industriam
1866 3303 2001 3372 deside·x

221 3411 373 3480 rantibus
391 3411 568 3503 provisum
600 3428 648 3480 est
683 3413 833 3479 instituto
848 3411 1019 3500 quodam,
1055 3406 1091 3473 in
1108 3427 1177 3496 quo·
1196 3405 1421 3489 describendo
1440 3431 1480 3474 eo
1502 3407 1677 3478 breviores
1701 3439 1771 3481 esse
1793 3439 1992 3506 possumus,

223 3525 316 3612 quud
332 3525 366 3588 b.
387 3523 428 3588 de
447 3526 583 3590 Scurra
606 3540 637 3588 et
653 3523 693 3588 cl.
711 3523 752 3589 de
775 3527 940 3588 Sannina
954 3523 1000 3602 ⁴)
1029 3521 1098 3602 jam
1117 3516 1222 3582 fusius
1242 3519 1283 3586 de
1300 3519 1359 3584 illo
1374 3537 1524 3608 egerunt.
1568 3524 1736 3614 Reputatis
1764 3525 1866 3616 igitur
1892 3551 1994 3616 aqua·

224 3633 383 3711 riorum,
406 3633 518 3722 qualia
544 3631 699 3722 pluribus
722 3632 758 3696 iu
780 3629 888 3697 hortis
909 3644 1077 3696 exstructa
1101 3644 1178 3694 sunt
1190 3677 1207 3716 ,ι
1223 3627 1336 3695 vitiis:
1360 3631 1577 3720 plantarum,
1615 3659 1697 3723 quas
1716 3635 1823 3710 alunt,
1846 3636 1991 3701 confusa

222 3743 375 3821 luxurie,
406 3745 684 3811 observationum
705 3741 918 3815 difficultate,
948 3741 1160 3804 Lemnurum
1177 3737 1328 3828 aliusque
1347 3740 1505 3810 colluviei
1522 3760 1553 3811 et
1567 3746 1665 3812 coeni
1685 3744 1990 3837 conspurcatione,

220 3867 391 3922 aestuante
411 3855 473 3926 suh
491 3855 605 3926 ,sidere
619 3855 776 3945 pestilera
795 3850 1005 3920 exhalatione
1025 3851 1106 3923 rel„
1142 3849 1215 3917 illas
1237 3846 1271 3914 in
1293 3868 1435 3942 angusto
1452 3853 1568 3944 potius
1587 3857 1695 3923 canali
1715 3845 1841 3946 abs'que
1861 3854 1995 3924 incom-

221 3968 328 4034 modo
349 3967 553 4057 detergendo
573 3985 671 4058 atque
689 3965 784 4032 aditu
803 3964 914 4040 facili,
937 3988 1009 4030 non
1032 3963 1122 4032 ealce
1138 3979 1169 4028 et
1185 3979 1378 4039 caemento,
1408 3963 1535 4056 quippe
1552 3967 1645 4057 quod
1662 3950 1879 4034 subacid'ulae
1902 3965 1993 4035 radi·

221 4077 376 4148 cularum
392 4077 621 4144 exhalationes
633 4076 865 4168 corroderent,
884 4074 1099 4150 exstruendo,
1122 4073 1180 4140 sed
1197 4073 1346 4140 etabulis
1363 4077 1616 4170 compingenda
1635 4077 1787 4169 plantare
1803 4097 1914 4145 ratum
1935 4093 1991 4145 est.

220 4190 265 4256 lli
284 4189 417 4256 canales
436 4188 670 4279 sesquipedem
692 4188 750 4254 alti
764 4185 938 4276 latiqueex
957 4181 1123 4259 asseribus
1151 4183 1288 4274 quernis
1306 4185 1458 4255 fabricati
1476 4213 1535 4280 per
1551 4191 1664 4284 plures
1682 4189 1782 4256 series
1795 4215 1851 4256 sex
1863 4191 1991 4281 pedum

224 4300 381 4368 distantia
410 4299 570 4394 parallele
597 4295 751 4388 dispositi
772 4313 803 4363 et
818 4314 962 4388 utroque
979 4295 1045 4362 line
1064 4293 1231 4362 similibus
1246 4298 1444 4367 transversis
1461 4299 1633 4385 conjuncti
1646 4323 1753 4375 areae,
1770 4322 1856 4390 quae
1875 4321 2009 4390 supra-1

224 4433 301 4476 mae
323 4411 413 4478 horti
436 4412 527 4501 pelvi
545 4408 736 4487 ricimere,
758 4408 846 4475 infra
866 4407 955 4475 illius
970 4433 1099 4499 aequor
1119 4407 1213 4498 pedis
1235 4407 1411 4478 altitudine
1434 4411 1477 4477 ita
1498 4405 1784 4488 immittebantur,
1809 4429 1845 4476 ut
1866 4435 1991 4498 aquam

221 4521 306 4589 inde
336 4523 555 4598 subterraruo
584 4519 705 4586 tubulo
737 4520 934 4609 perductam
958 4519 1169 4610 reciperent.
1212 4523 1307 4588 llaec
1328 4538 1438 4590 autern
1461 4521 1506 4588 oh
1525 4519 1656 4586 canales
1681 4517 1715 4584 in
1733 4519 1846 4610 ligneo
1869 4517 1990 4586 lurida-

220 4651 342 4701 mento
366 4657 551 4726 parumper
566 4629 764 4707 inclinatos,
788 4629 885 4720 pigro
907 4627 1005 4718 lapsu
1020 4653 1195 4722 pergyros
1214 4629 1318 4720 repit,
1341 4631 1539 4720 plantasque
1558 4629 1659 4700 velin
1681 4630 1758 4695 ollis
1784 4630 1836 4697 vel
1852 4627 1887 4695 in
1909 4627 1987 4698 sub·
2076 4683 2079 4686 .

229 4815 653 4838 m

254 4940 280 5006 ⁶)
298 4943 351 4996 Cl'r,
370 4943 480 5007 sessu,
507 4945 616 5012 Beitrlge
648 4959 692 4992 nr
708 4941 843 4994 ttteeueeu
863 4941 1030 4992 carnerunt
1047 4952 1071 4995 ct
1088 4939 1226 5006 anuas,
1244 4931 1368 4992 ‘fractam
1386 4941 1417 4992 ol
1431 4939 1473 4993 the
1490 4941 1578 4993 herde.
1598 4940 1704 5004 Scaiety.
1724 4939 1856 4988 'ro-..rte
