4556 5514
759 471 1469 554 ‘·----25⁴-·--··

306 737 412 810 atque
439 717 603 795 rationes,
640 739 728 808 quae
764 717 886 810 plantis
917 735 986 786 tam
1019 742 1097 788 crim
1134 716 1271 792 tellure,
1302 737 1406 804 quarn
1435 739 1514 784 curn
1539 716 1608 785 sole
1640 717 1855 788 intercedunt
1882 723 2066 793 exhiberet.

305 832 401 920 ,Quid
423 831 544 926 igitur,
576 847 739 920 quantum
762 829 806 896 ad
827 831 913 897 haec
932 829 1032 897 faciat
1052 831 1235 896 hortorum
1257 827 1490 917 opportunitas
1512 827 1652 898 ulterius
1676 830 1932 902 demonstrem?
1976 834 2069 922 Quid
2165 827 2168 840 ⁴

311 943 563 1011 observationes
586 941 711 1008 summi
741 941 908 1007 momenti
942 965 968 1007 e.
989 967 1021 1031 g.
1045 941 1095 1008 de
1116 938 1254 1024 calyeis,
1288 941 1438 1026 corollae
1474 937 1724 1024 staminumque
1761 944 1995 1034 aestivatione,
2026 946 2070 1011 de

307 1053 546 1140 gemmatione,
568 1053 609 1119 de
632 1051 770 1142 pollinis
793 1070 823 1118 et
851 1051 1023 1118 seminum
1046 1068 1185 1126 natura,
1206 1073 1288 1138 quas
1309 1065 1484 1139 tamquam
1507 1047 1654 1114 maxime
1675 1053 1881 1116 necessarias
1900 1053 2069 1120 hodierna

311 1163 467 1232 doctrina
490 1162 553 1230 sibi
583 1163 745 1254 postulat,
770 1163 964 1230 adducant
1008 1161 1050 1227 lis
1072 1161 1150 1228 ideo
1174 1177 1207 1228 et
1234 1184 1320 1256 quae
1341 1161 1386 1226 ad
1408 1158 1641 1228 tractationem
1665 1157 1838 1227 doctrinae
1869 1161 1911 1227 de
1940 1162 2069 1251 planta·
2138 1216 2147 1228 ,

309 1299 389 1341 rum
419 1275 540 1342 formis
571 1272 741 1364 pertinent
769 1275 908 1364 reliquis
932 1270 1093 1342 omnibus
1114 1271 1212 1338 omni
1242 1272 1414 1362 diligentia
1442 1286 1491 1338 est
1516 1269 1797 1349 incumbendum,
1820 1289 1852 1338 et
1872 1295 2067 1360 speramus,

261 1473 265 1482 1
308 1384 503 1476 plantarum
535 1387 627 1453 horti
656 1384 763 1452 nostri
795 1385 985 1476 epitomen,
1021 1404 1124 1471 quarn
1147 1381 1263 1471 colligi
1297 1385 1367 1468 jam
1400 1381 1768 1458 commemoravimus,
1800 1382 1828 1448 si
1858 1383 1997 1472 quando
2029 1383 2066 1452 iu

309 1495 421 1564 lucem
451 1499 633 1588 prodierit,
668 1497 836 1564 nonnulla
867 1497 1046 1562 allaturam
1079 1516 1149 1556 esse
1178 1494 1373 1570 observato,
1410 1518 1497 1582 quae
1527 1492 1565 1558 in
1596 1493 1753 1562 scientiae
1784 1516 1883 1558 usum
1914 1493 2087 1570 converti,

282 1587 448 1698 ¹possint.
500 1611 604 1698 Quod
626 1625 737 1675 autem
761 1609 803 1674 ad
833 1604 1080 1676 acolanorum,
1103 1599 1228 1687 quibus
1248 1603 1382 1692 plantae
1411 1603 1579 1686 subjectae
1610 1623 1709 1682 sunt,
1735 1602 1913 1669 historiam
1936 1603 2065 1680 attinet,

304 1719 471 1786 nonnulla
500 1722 569 1786 huc
598 1719 779 1806 spectantia
807 1715 876 1792 iam
906 1709 942 1773 iu
973 1708 1073 1774 horto
1106 1711 1284 1775 observata
1314 1730 1393 1774 sunt
1421 1730 1520 1798 atque
1550 1713 1655 1814 literis
1684 1716 1861 1792 mandata,
1891 1738 1976 1802 quae
2006 1739 2067 1781 suo

307 1841 462 1918 tempore
491 1829 527 1892 in
564 1825 714 1891 secundo
755 1823 796 1889 de
825 1817 916 1886 horti
959 1817 1157 1885 conditione
1192 1815 1308 1883 libello
1337 1815 1466 1906 publici
1497 1823 1581 1902 juris
1615 1827 1705 1890 fient.
1780 1832 1828 1894 lta
1850 1824 1970 1915 quovis
1992 1849 2071 1892 vere

302 1935 340 2004 in
370 1940 447 2004 satis
481 1933 667 2002 seminibus
696 1955 863 2021 quaenam
879 1929 920 1996 sit
942 1953 1062 1995 corum
1085 1925 1298 2017 germinatio,
1322 1949 1490 2016 quaenam
1514 1930 1755 2014 cotyledonum
1779 1937 1902 2012 lorma,
1929 1935 2069 2006 directio

304 2065 403 2140 atque
432 2031 607 2134 dispositio
640 2067 679 2110 ac
709 2058 873 2131 quantum
903 2037 1066 2129 temporis
1100 2039 1137 2103 in
1167 2037 1233 2102 illis
1263 2036 1461 2105 evolvendis
1492 2057 1733 2118 consumatur,
1769 2045 1951 2110 arboribus
1983 2070 2071 2136 quae

302 2180 517 2248 gemmarum
540 2155 581 2220 sit
603 2152 753 2222 conditio
777 2170 876 2241 atque
899 2151 982 2223 dum
1011 2149 1245 2218 frondescunt·
1261 2148 1429 2217 successio
1455 2166 1626 2218 notamus.
1681 2157 1750 2220 Eae
1781 2153 1823 2222 tle
1853 2156 2069 2244 physiologia

260 2269 263 2278 ’
303 2267 556 2335 obseruationes
580 2283 679 2355 atque
702 2261 951 2353 experimenta,
983 2261 1107 2350 quibus
1138 2265 1318 2326 Donamus
1350 2273 1383 2326 et
1413 2263 1575 2335 lintona,
1600 2261 1741 2354 ‘summi
1775 2263 1859 2339 viri,
1892 2265 2068 2334 scientiam

301 2393 510 2451 ornaverunt
534 2346 637 2463 ¹atque
659 2373 928 2447 illustraverunt,
951 2393 992 2435 ex
1021 2387 1116 2458 parte
1138 2369 1174 2434 io
1196 2371 1298 2439 horto
1324 2387 1442 2438 nostro
1471 2371 1595 2440 iterum
1618 2370 1786 2441 institutae
1808 2393 1895 2454 sunt,
1918 2401 1946 2444 e.
1968 2404 1999 2466 g.
2023 2379 2065 2445 de

300 2513 515 2582 gemmarum
531 2484 746 2552 dormatione
768 2483 806 2550 in
828 2480 1015 2558 tuberibus,
1039 2481 1192 2548 caulibus
1215 2497 1247 2548 et
1267 2479 1433 2546 arborum
1454 2480 1575 2557 ramis,
1599 2481 1641 2550 tle
1663 2483 1855 2574 plantarum
1877 2487 2069 2576 parasitica-

299 2625 378 2666 rum
399 2597 599 2674 insertione,
636 2597 677 2664 de
704 2596 878 2685 virgarum
908 2611 1017 2662 terrae
1048 2585 1492 2683 apicibus·commissarum
1521 2587 1675 2659 successu
1707 2611 1739 2663 et
1767 2597 1975 2688 vegentione
2006 2600 2065 2666 rel.

300 2711 410 2776 Porro
443 2733 561 2775 earum
591 2733 728 2797 quoque
761 2731 877 2774 rerum
908 2701 1118 2794 indagationi
1148 2725 1289 2789 operam
1323 2701 1490 2768 dederunt
1519 2701 1673 2769 Botanici
1701 2709 1950 2785 Monacenses,
1982 2735 2067 2800 quae

295 2820 404 2886 nimia
426 2819 591 2894 exilitate,
614 2815 800 2904 quominus
821 2815 920 2879 facile
943 2811 1208 2900 perspiciantur,
1232 2809 1470 2882 absconditae,
1492 2808 1617 2873 iteratis
1640 2827 1737 2896 atquc
1759 2815 1987 2906 microscopio
2011 2822 2069 2888 ad.

296 2931 376 3015 jutis
404 2929 559 3011 indigent
582 2920 884 3009 disquisitionibus.
922 2924 971 2983 lta
1002 2916 1039 2982 in
1071 2919 1245 2982 Salviniae
1276 2913 1554 2982 fructificationes
1585 2940 1645 3007 per
1676 2919 1789 3009 plures
1820 2935 1928 3004 anuos
1958 2928 1998 2996 cl.
2022 2932 2065 2998 de

298 3039 463 3105 Sannaus
504 3029 660 3096 animum
697 3026 859 3103 intendit,
894 3049 962 3092 nos
1000 3025 1037 3091 in
1080 3027 1325 3090 Marchontr‘ce
1364 3031 1613 3118 polymorphae
1648 3051 1848 3124 apparatum
1883 3062 2062 3130 sperarum

299 3167 485 3234 earumque
508 3139 758 3212 evolutionem,
781 3137 816 3202 in
839 3137 1032 3226 plantarum
1055 3134 1255 3224 aquatilium
1278 3160 1305 3202 e.
1329 3161 1360 3226 g.
1384 3139 1589 3221 Hippuriclis
1626 3157 1658 3208 et
1686 3147 1838 3234 Nojadis
1864 3172 2062 3236 monosper·

299 3281 378 3322 mae
408 3270 630 3327 structuram,
665 3249 701 3316 in
732 3247 901 3315 seminum
932 3249 1141 3315 incrementa
1171 3245 1428 3336 indagavimus;
1461 3249 1502 3315 cl.
1532 3252 1742 3332 Zuccsurur,
1770 3257 1973 3330 Academiae
1994 3265 2061 3332 Ad.

295 3372 448 3456 junctus,
468 3363 671 3454 stipularum
693 3358 902 3432 anatomiam
924 3375 1023 3452 atque
1046 3355 1297 3454 physiologiam
1320 3358 1570 3470 persequendas
1591 3360 1656 3434 tibi
1677 3364 1815 3438 sumsit..
2063 3361 2066 3374 '

426 3593 543 3677 Quum
581 3613 664 3659 vero
697 3593 766 3675 iam
800 3613 840 3658 eo
871 3615 968 3661 nnnc
985 3607 1187 3684 perventum
1218 3603 1294 3664 est,
1329 3602 1369 3652 ut
1389 3602 1489 3654 ‚certa
1518 3589 1605 3656 vitae
1635 3585 1829 3680 vegetabilis
1858 3587 1891 3660 ct
1924 3593 2063 3684 quidem

297 3699 454 3768 universa
478 3700 660 3790 praecipue
682 3700 920 3790 phaenomena
939 3704 974 3768 in
999 3703 1142 3769 aliarum
1166 3699 1401 3768 doctrinarum
1425 3722 1523 3766 usum
1547 3716 1840 3780 converteremus,
1863 3701 1899 3770 id
1923 3729 2061 3794 quoque

300 3808 336 3876 in
361 3809 482 3900 quovis
502 3811 606 3877 horto
631 3811 788 3878 botanico
813 3812 898 3880 mihi
922 3813 1319 3904 spectandumuidatur,
1344 3826 1382 3876 ut
1402 3835 1465 3900 pro
1490 3809 1570 3876 situs
1592 3827 1630 3878 et.
1645 3811 1855 3904 reliquarum
1885 3813 1954 3881 hue
1983 3815 2063 3885 laci-

303 3922 434 3990 entium
474 3917 712 3989 conditionum
757 3923 874 3990 indole
903 3924 1110 4014 geographia
1139 3922 1303 4012 physica,
1343 3938 1441 4011 atque
1477 3945 1581 4012 quam
1618 3920 1892 4017 climatologiarn
1924 3925 2058 4004 dicunt,

295 4029 478 4098 illustretur
489 4049 589 4122 atque
602 4020 844 4158 am‘pliliceturs
854 4039 1012 4104 Tantum
1037 4036 1128 4102 enim
1151 4033 1252 4109 abest,
1269 4049 1304 4099 ut
1313 4031 1550 4124 vegetabilium
1568 4051 1675 4100 certae
1698 4035 1851 4123 periodi,
1874 4061 1949 4128 eg.-
1965 4038 2058 4101 fron·
2163 4037 2165 4054 “

298 4139 481 4218 alescentia,
495 4143 753 4218 efflorescentia,
770 4144 991 4232 grossificatio
1015 4145 1147 4212 nullius-
1161 4145 1325 4212 momenti
1349 4169 1413 4235 pro
1433 4145 1637 4234 designanda
1662 4145 1808 4234 cujusvis
1830 4145 1898 4212 loci
1920 4145 2059 4237 physica

292 4270 416 4320 natura·
435 4250 502 4319 sint
522 4252 773 4331 existimandae,
797 4271 835 4327 nt
857 4279 920 4322 nos
941 4255 1054 4344 potius
1076 4279 1131 4322 eas
1153 4255 1378 4346 dignissimas,
1400 4255 1525 4346 quibus
1548 4254 1696 4344 regionis
1718 4245 1900 4343 descriptio
1923 4271 2058 4326 natura,

297 4361 339 4430 lia
381 4360 564 4441 innitatur,
602 4365 824 4443 arbitremur,
887 4365 1086 4453 praesertim
1109 4367 1313 4434 dummodo
1346 4365 1447 4432 simul
1483 4379 1550 4432 tam
1583 4365 1618 4432 in
1655 4365 1900 4434 elementorum
1933 4365 2059 4435 vicissi-

296 4469 445 4549 tudines,
470 4474 622 4543 calorem
645 4501 791 4567 nempe,
827 4475 961 4542 stateris
992 4476 1208 4552 densitatem,
1234 4475 1380 4544 nubium
1405 4475 1666 4553 formationem,
1695 4474 1827 4566 pluvias
1849 4477 1931 4557 rel,
1955 4503 2056 4569 quam

296 4577 334 4643 in
357 4598 536 4652 coaetanea
559 4585 782 4654 animantium
806 4587 1060 4678 phaenomena,
1079 4587 1193 4654 avium
1218 4587 1384 4655 adventus
1403 4605 1434 4655 et
1455 4611 1621 4664 recessus,
1643 4581 1850 4657 insectorum
1873 4605 2056 4661 metamor·

299 4689 426 4782 phoses
457 4695 516 4762 rel.
548 4697 701 4764 animum
730 4699 955 4768 intendamus.
1022 4697 1193 4791 Veget‘ati'o
1217 4700 1328 4779 enini,
1361 4725 1467 4791 quum
1488 4703 1668 4785 conjuncta
1691 4701 1772 4767 solis
1795 4717 1897 4786 atqua
1914 4695 2056 4782 telluris,

301 4817 477 4894 tamquam
522 4807 780 4875 moderatorum
812 4811 1025 4904 ducumque,
1055 4811 1088 4876 vi
1113 4813 1289 4889 excitetur,
1325 4813 1394 4880 suis
1422 4809 1670 4902 phoenomenis
1700 4811 1763 4878 alia
1792 4807 1936 4875 illustrat
1956 4826 2056 4898 atque

304 4910 484 4995 dilucidat,
523 4939 628 5006 quae,
656 4921 792 5005 majora
826 4936 929 5006 atqua
964 4920 1125 4993 universo
1161 4922 1292 4993 mundo
1327 4922 1423 5014 quasi
1455 4920 1670 5008 communia,
1699 4918 1848 4988 cosmica
1879 4943 2054 4990 vocamus.

1407 5117 1417 5132 ι
1451 5045 1477 5105 4’
